Fecha,Hora,Fecha valor,Producto,ISIN,Descripción,Tipo,Variación,,Saldo,,ID Orden
30-12-2025,10:34,30-12-2025,,,Degiro Cash Sweep Transfer,,EUR,"-40,99",EUR,"163,62",
30-12-2025,10:34,30-12-2025,,,"Transferir a su Cuenta de Efectivo en flatexDEGIRO Bank: 40,99 EUR",,,,EUR,"204,61",
30-12-2025,08:01,30-12-2025,,,Degiro Cash Sweep Transfer,,EUR,"-0,05",EUR,"163,62",
30-12-2025,08:01,30-12-2025,,,"Transferir a su Cuenta de Efectivo en flatexDEGIRO Bank: 0,05 EUR",,,,EUR,"163,67",
30-12-2025,07:20,29-12-2025,BANCO DE SABADELL SA,ES0113860A34,Retención del dividendo,,EUR,"-9,62",EUR,"163,62",
30-12-2025,07:20,29-12-2025,BANCO DE SABADELL SA,ES0113860A34,Dividendo,,EUR,"50,61",EUR,"173,24",
30-12-2025,06:42,29-12-2025,,,Ingreso Cambio de Divisa,,EUR,"0,05",EUR,"122,63",
30-12-2025,06:42,29-12-2025,,,Retirada Cambio de Divisa,"1,1802",USD,"-0,06",USD,"0,00",
29-12-2025,08:41,26-12-2025,NVIDIA CORP,US67066G1040,Retención del dividendo,,USD,"-0,01",USD,"0,06",
29-12-2025,08:39,26-12-2025,NVIDIA CORP,US67066G1040,Dividendo,,USD,"0,07",USD,"0,07",
19-12-2025,08:32,19-12-2025,,,Degiro Cash Sweep Transfer,,EUR,"-55,03",EUR,"122,58",
19-12-2025,08:32,19-12-2025,,,"Transferir a su Cuenta de Efectivo en flatexDEGIRO Bank: 55,03 EUR",,,,EUR,"177,61",
19-12-2025,06:51,18-12-2025,TELEFONICA SA,ES0178430E18,Dividendo,,EUR,"61,50",EUR,"122,58",
19-12-2025,06:51,18-12-2025,TELEFONICA SA,ES0178430E18,Retención del dividendo,,EUR,"-11,69",EUR,"61,08",
19-12-2025,06:48,18-12-2025,SHELL PLC,GB00BP6MXD84,Dividendo,,EUR,"5,22",EUR,"72,77",
17-12-2025,09:00,17-12-2025,,,Degiro Cash Sweep Transfer,,EUR,"-14,47",EUR,"67,55",
17-12-2025,09:00,17-12-2025,,,"Transferir a su Cuenta de Efectivo en flatexDEGIRO Bank: 14,47 EUR",,,,EUR,"82,02",
17-12-2025,06:49,16-12-2025,,,Ingreso Cambio de Divisa,,EUR,"14,47",EUR,"67,55",
17-12-2025,06:49,16-12-2025,,,Retirada Cambio de Divisa,"1,1776",USD,"-17,04",USD,"0,00",
16-12-2025,07:58,15-12-2025,ALPHABET INC CLASS C,US02079K1079,Retención del dividendo,,USD,"-0,25",USD,"17,04",
16-12-2025,07:58,15-12-2025,ALPHABET INC CLASS C,US02079K1079,Dividendo,,USD,"1,68",USD,"17,29",
16-12-2025,07:09,15-12-2025,COCA-COLA CO,US1912161007,Dividendo,,USD,"18,36",USD,"15,61",
16-12-2025,07:08,15-12-2025,COCA-COLA CO,US1912161007,Retención del dividendo,,USD,"-2,75",USD,"-2,75",
15-12-2025,04:14,15-12-2025,,,Degiro Cash Sweep Transfer,,EUR,"-2,63",EUR,"53,08",
15-12-2025,04:14,15-12-2025,,,"Transferir a su Cuenta de Efectivo en flatexDEGIRO Bank: 2,63 EUR",,,,EUR,"55,71",
13-12-2025,07:01,12-12-2025,,,Ingreso Cambio de Divisa,,EUR,"2,63",EUR,"53,08",
13-12-2025,07:01,12-12-2025,,,Retirada Cambio de Divisa,"1,1769",USD,"-3,09",USD,"0,00",
12-12-2025,14:15,12-12-2025,,,Degiro Cash Sweep Transfer,,EUR,"-3,72",EUR,"50,45",
12-12-2025,14:15,12-12-2025,,,"Transferir a su Cuenta de Efectivo en flatexDEGIRO Bank: 3,72 EUR",,,,EUR,"54,17",
12-12-2025,08:02,11-12-2025,MICROSOFT CORP,US5949181045,Dividendo,,USD,"3,64",USD,"3,09",
12-12-2025,08:02,11-12-2025,MICROSOFT CORP,US5949181045,Retención del dividendo,,USD,"-0,55",USD,"-0,55",
12-12-2025,06:42,11-12-2025,,,Ingreso Cambio de Divisa,,EUR,"3,72",EUR,"50,45",
12-12-2025,06:42,11-12-2025,,,Retirada Cambio de Divisa,"1,1768",USD,"-4,38",USD,"0,00",
11-12-2025,07:38,10-12-2025,EXXON MOBIL CORP,US30231G1022,Dividendo,,USD,"5,15",USD,"4,38",
11-12-2025,07:38,10-12-2025,EXXON MOBIL CORP,US30231G1022,Retención del dividendo,,USD,"-0,77",USD,"-0,77",
05-12-2025,08:13,05-12-2025,,,"Transferir a su Cuenta de Efectivo en flatexDEGIRO Bank: 2,42 EUR",,,,EUR,"46,73",
05-12-2025,08:13,05-12-2025,,,Degiro Cash Sweep Transfer,,EUR,"-2,42",EUR,"44,31",
05-12-2025,06:50,04-12-2025,,,Ingreso Cambio de Divisa,,EUR,"2,42",EUR,"46,73",
05-12-2025,06:50,04-12-2025,,,Retirada Cambio de Divisa,"1,1673",USD,"-2,82",USD,"0,00",
04-12-2025,08:50,04-12-2025,,,"Transferir desde su Cuenta de Efectivo en flatexDEGIRO Bank: 2,42 EUR",,,,EUR,"44,31",
04-12-2025,08:50,04-12-2025,,,Degiro Cash Sweep Transfer,,EUR,"2,42",EUR,"46,73",
04-12-2025,08:15,11-09-2025,MICROSOFT CORP,US5949181045,Dividendo,,USD,"3,32",USD,"2,82",
04-12-2025,08:15,11-09-2025,MICROSOFT CORP,US5949181045,Retención del dividendo,,USD,"-0,50",USD,"-0,50",
04-12-2025,06:46,03-12-2025,,,Retirada Cambio de Divisa,,EUR,"-2,42",EUR,"44,31",
04-12-2025,06:46,03-12-2025,,,Ingreso Cambio de Divisa,"1,1642",USD,"2,82",USD,"0,00",
03-12-2025,18:08,11-09-2025,MICROSOFT CORP,US5949181045,Retención del dividendo,,USD,"0,50",USD,"-2,82",
03-12-2025,18:06,11-09-2025,MICROSOFT CORP,US5949181045,Dividendo,,USD,"-3,32",USD,"-3,32",
03-12-2025,07:53,03-12-2025,,,"Transferir a su Cuenta de Efectivo en flatexDEGIRO Bank: 2,45 EUR",,,,EUR,"46,73",
03-12-2025,07:53,03-12-2025,,,Degiro Cash Sweep Transfer,,EUR,"-2,45",EUR,"44,28",
03-12-2025,06:49,02-12-2025,,,Ingreso Cambio de Divisa,,EUR,"2,45",EUR,"46,73",
03-12-2025,06:49,02-12-2025,,,Retirada Cambio de Divisa,"1,1654",USD,"-2,85",USD,"0,00",
02-12-2025,08:00,01-12-2025,VISA INC CLASS A,US92826C8394,Retención del dividendo,,USD,"-0,50",USD,"2,85",
02-12-2025,08:00,01-12-2025,VISA INC CLASS A,US92826C8394,Dividendo,,USD,"3,35",USD,"3,35",
27-11-2025,08:50,27-11-2025,,,"Transferir a su Cuenta de Efectivo en flatexDEGIRO Bank: 3,48 EUR",,,,EUR,"44,28",
27-11-2025,08:50,27-11-2025,,,Degiro Cash Sweep Transfer,,EUR,"-3,48",EUR,"40,80",
27-11-2025,07:20,26-11-2025,ISHARES CORE EURO STOXX 50 UCITS ETF,IE0008471009,Dividendo,,EUR,"3,48",EUR,"44,28",
18-11-2025,11:21,18-11-2025,,,"Transferir desde su Cuenta de Efectivo en flatexDEGIRO Bank: 1.571,58 EUR",,,,EUR,"40,80",
18-11-2025,11:21,18-11-2025,,,Degiro Cash Sweep Transfer,,EUR,"1571,58",EUR,"1612,38",
18-11-2025,09:49,18-11-2025,NOVO NORDISK A/S CLASS B,DK0062498333,Costes de transacción y/o externos de DEGIRO,,EUR,"-3,90",EUR,"40,80",09dbacf8-de92-4453-b3e7-c6dbccf8bb86
18-11-2025,09:49,18-11-2025,NOVO NORDISK A/S CLASS B,DK0062498333,"Compra 18 Novo Nordisk A/S Class B@41,455 EUR (DK0062498333)",,EUR,"-746,19",EUR,"44,70",09dbacf8-de92-4453-b3e7-c6dbccf8bb86
18-11-2025,09:48,18-11-2025,TELEFONICA SA,ES0178430E18,Spanish Transaction Tax,,EUR,"-1,64",EUR,"790,89",c7fd71f0-4e5c-4cfe-bea0-ed883e3b5939
18-11-2025,09:48,18-11-2025,TELEFONICA SA,ES0178430E18,Costes de transacción y/o externos de DEGIRO,,EUR,"-2,00",EUR,"792,53",c7fd71f0-4e5c-4cfe-bea0-ed883e3b5939
18-11-2025,09:48,18-11-2025,TELEFONICA SA,ES0178430E18,"Compra 222 Telefonica SA@3,684 EUR (ES0178430E18)",,EUR,"-817,85",EUR,"794,53",c7fd71f0-4e5c-4cfe-bea0-ed883e3b5939
18-11-2025,07:43,18-11-2025,,,"Transferir a su Cuenta de Efectivo en flatexDEGIRO Bank: 1,9 EUR",,,,EUR,"1612,38",
18-11-2025,07:43,18-11-2025,,,Degiro Cash Sweep Transfer,,EUR,"-1,90",EUR,"1610,48",
18-11-2025,06:38,17-11-2025,,,Ingreso Cambio de Divisa,,EUR,"1,90",EUR,"1612,38",
18-11-2025,06:38,17-11-2025,,,Retirada Cambio de Divisa,"1,1620",USD,"-2,21",USD,"0,00",
17-11-2025,18:40,17-11-2025,,,"Transferir a su Cuenta de Efectivo en flatexDEGIRO Bank: 1.422,71 EUR",,,,EUR,"1610,48",
17-11-2025,18:40,17-11-2025,,,Degiro Cash Sweep Transfer,,EUR,"-1422,71",EUR,"187,77",
17-11-2025,15:30,17-11-2025,VISA INC CLASS A,US92826C8394,Retirada Cambio de Divisa,"1,1622",USD,"-1655,80",USD,"2,21",6891be2f-9e29-40d0-8139-b6d8df239ed7
17-11-2025,15:30,17-11-2025,VISA INC CLASS A,US92826C8394,Ingreso Cambio de Divisa,,EUR,"1424,71",EUR,"1610,48",6891be2f-9e29-40d0-8139-b6d8df239ed7
17-11-2025,15:30,17-11-2025,VISA INC CLASS A,US92826C8394,Costes de transacción y/o externos de DEGIRO,,EUR,"-2,00",EUR,"185,77",6891be2f-9e29-40d0-8139-b6d8df239ed7
17-11-2025,15:30,17-11-2025,VISA INC CLASS A,US92826C8394,"Venta 5 Visa Inc Class A@331,16 USD (US92826C8394)",,USD,"1655,80",USD,"1658,01",6891be2f-9e29-40d0-8139-b6d8df239ed7
17-11-2025,08:26,14-11-2025,COSTCO WHOLESALE CORP,US22160K1051,Dividendo,,USD,"2,60",USD,"2,21",
17-11-2025,08:26,14-11-2025,COSTCO WHOLESALE CORP,US22160K1051,Retención del dividendo,,USD,"-0,39",USD,"-0,39",
11-11-2025,08:32,11-11-2025,,,"Transferir a su Cuenta de Efectivo en flatexDEGIRO Bank: 61,02 EUR",,,,EUR,"187,77",
11-11-2025,08:32,11-11-2025,,,Degiro Cash Sweep Transfer,,EUR,"-61,02",EUR,"126,75",
11-11-2025,07:05,07-11-2025,BANCO BILBAO VIZCAYA ARGENTARIA SA,ES0113211835,Retención del dividendo,,EUR,"-7,30",EUR,"187,77",
11-11-2025,07:05,07-11-2025,BANCO BILBAO VIZCAYA ARGENTARIA SA,ES0113211835,Dividendo,,EUR,"38,40",EUR,"195,07",
11-11-2025,07:03,07-11-2025,CAIXABANK SA,ES0140609019,Retención del dividendo,,EUR,"-7,02",EUR,"156,67",
11-11-2025,07:03,07-11-2025,CAIXABANK SA,ES0140609019,Dividendo,,EUR,"36,94",EUR,"163,69",
06-11-2025,07:40,06-11-2025,,,"Transferir a su Cuenta de Efectivo en flatexDEGIRO Bank: 23,1 EUR",,,,EUR,"126,75",
06-11-2025,07:40,06-11-2025,,,Degiro Cash Sweep Transfer,,EUR,"-23,10",EUR,"103,65",
06-11-2025,06:47,03-11-2025,BANCO SANTANDER SA,ES0113900J37,Dividendo,,EUR,"28,52",EUR,"126,75",
06-11-2025,06:47,03-11-2025,BANCO SANTANDER SA,ES0113900J37,Retención del dividendo,,EUR,"-5,42",EUR,"98,23",
14-10-2025,07:34,14-10-2025,,,Degiro Cash Sweep Transfer,,EUR,"-8,54",EUR,"103,65",
14-10-2025,07:34,14-10-2025,,,"Transferir a su Cuenta de Efectivo en flatexDEGIRO Bank: 8,54 EUR",,,,EUR,"112,19",
14-10-2025,06:33,13-10-2025,,,Ingreso Cambio de Divisa,,EUR,"8,54",EUR,"103,65",
14-10-2025,06:33,13-10-2025,,,Retirada Cambio de Divisa,"1,1599",USD,"-9,91",USD,"0,00",
13-10-2025,07:19,10-10-2025,ALTRIA GROUP INC,US02209S1033,Dividendo,,USD,"11,66",USD,"9,91",
13-10-2025,07:19,10-10-2025,ALTRIA GROUP INC,US02209S1033,Retención del dividendo,,USD,"-1,75",USD,"-1,75",
13-10-2025,04:22,13-10-2025,,,Degiro Cash Sweep Transfer,,EUR,"-5,54",EUR,"95,11",
13-10-2025,04:22,13-10-2025,,,"Transferir a su Cuenta de Efectivo en flatexDEGIRO Bank: 5,54 EUR",,,,EUR,"100,65",
11-10-2025,06:32,10-10-2025,,,Ingreso Cambio de Divisa,,EUR,"5,54",EUR,"95,11",
11-10-2025,06:32,10-10-2025,,,Retirada Cambio de Divisa,"1,1649",USD,"-6,45",USD,"0,00",
10-10-2025,07:25,09-10-2025,SALESFORCE INC,US79466L3024,Dividendo,,USD,"0,83",USD,"6,45",
10-10-2025,07:25,09-10-2025,SALESFORCE INC,US79466L3024,Retención del dividendo,,USD,"-0,12",USD,"5,62",
10-10-2025,06:59,09-10-2025,VICI PROPERTIES INC,US9256521090,Dividendo,,USD,"6,75",USD,"5,74",
10-10-2025,06:59,09-10-2025,VICI PROPERTIES INC,US9256521090,Retención del dividendo,,USD,"-1,01",USD,"-1,01",
06-10-2025,06:00,06-10-2025,,,Degiro Cash Sweep Transfer,,EUR,"-4,45",EUR,"89,57",
06-10-2025,06:00,06-10-2025,,,"Transferir a su Cuenta de Efectivo en flatexDEGIRO Bank: 4,45 EUR",,,,EUR,"94,02",
05-10-2025,05:21,30-09-2025,,,Flatex Interest Income,,EUR,"0,00",EUR,"89,57",
04-10-2025,06:39,03-10-2025,,,Ingreso Cambio de Divisa,,EUR,"4,45",EUR,"89,57",
04-10-2025,06:39,03-10-2025,,,Retirada Cambio de Divisa,"1,1772",USD,"-5,24",USD,"0,00",
03-10-2025,14:12,03-10-2025,,,Degiro Cash Sweep Transfer,,EUR,"-15,56",EUR,"85,12",
03-10-2025,14:12,03-10-2025,,,"Transferir a su Cuenta de Efectivo en flatexDEGIRO Bank: 15,56 EUR",,,,EUR,"100,68",
03-10-2025,09:28,30-05-2025,STARBUCKS CORP,US8552441094,Dividendo,,USD,"6,10",USD,"5,24",
03-10-2025,09:28,30-05-2025,STARBUCKS CORP,US8552441094,Retención del dividendo,,USD,"-0,92",USD,"-0,86",
03-10-2025,07:43,02-10-2025,NVIDIA CORP,US67066G1040,Retención del dividendo,,USD,"-0,01",USD,"0,06",
03-10-2025,07:43,02-10-2025,,,Ingreso Cambio de Divisa,,EUR,"15,56",EUR,"85,12",
03-10-2025,07:43,02-10-2025,,,Retirada Cambio de Divisa,"1,1744",USD,"-18,27",USD,"0,07",
03-10-2025,07:42,02-10-2025,NVIDIA CORP,US67066G1040,Dividendo,,USD,"0,07",USD,"18,34",
02-10-2025,22:01,30-05-2025,STARBUCKS CORP,US8552441094,Retención del dividendo,,USD,"0,92",USD,"18,27",
02-10-2025,22:01,30-05-2025,STARBUCKS CORP,US8552441094,Dividendo,,USD,"-6,10",USD,"17,35",
02-10-2025,08:35,01-10-2025,COCA-COLA CO,US1912161007,Dividendo,,USD,"18,36",USD,"23,45",
02-10-2025,08:35,01-10-2025,COCA-COLA CO,US1912161007,Retención del dividendo,,USD,"-2,75",USD,"5,09",
02-10-2025,07:43,01-10-2025,VANGUARD S&P 500 UCITS ETF USD DIS,IE00B3XXRP09,Dividendo,,USD,"3,61",USD,"7,84",
02-10-2025,07:34,01-10-2025,VANGUARD FTSE ALL-WORLD UCITS ETF,IE00B3RBWM25,Dividendo,,USD,"4,23",USD,"4,23",
23-09-2025,09:01,23-09-2025,,,Degiro Cash Sweep Transfer,,EUR,"-5,22",EUR,"69,56",
23-09-2025,09:01,23-09-2025,,,"Transferir a su Cuenta de Efectivo en flatexDEGIRO Bank: 5,22 EUR",,,,EUR,"74,78",
23-09-2025,07:55,22-09-2025,SHELL PLC,GB00BP6MXD84,Dividendo,,EUR,"5,22",EUR,"69,56",
18-09-2025,11:30,18-09-2025,,,"Transferir desde su Cuenta de Efectivo en flatexDEGIRO Bank: 544,2 EUR",,,,EUR,"64,34",
18-09-2025,11:30,18-09-2025,,,Degiro Cash Sweep Transfer,,EUR,"544,20",EUR,"608,54",
18-09-2025,10:52,18-09-2025,VANGUARD FTSE ALL-WORLD UCITS ETF,IE00B3RBWM25,Costes de transacción y/o externos de DEGIRO,,EUR,"-1,00",EUR,"64,34",850050fb-af30-47d8-af86-0cd01bb7732c
18-09-2025,10:52,18-09-2025,VANGUARD FTSE ALL-WORLD UCITS ETF,IE00B3RBWM25,"Compra 4 Vanguard FTSE All-World UCITS ETF USD Dis@135,8 EUR (IE00B3RBWM25)",,EUR,"-543,20",EUR,"65,34",850050fb-af30-47d8-af86-0cd01bb7732c
18-09-2025,10:31,18-09-2025,,,"Transferir desde su Cuenta de Efectivo en flatexDEGIRO Bank: 604,8 EUR",,,,EUR,"608,54",
18-09-2025,10:31,18-09-2025,,,Degiro Cash Sweep Transfer,,EUR,"604,80",EUR,"1213,34",
18-09-2025,09:00,18-09-2025,BANCO DE SABADELL SA,ES0113860A34,Spanish Transaction Tax,,EUR,"-1,20",EUR,"608,54",0e5dba3f-7c3d-47e6-ad8e-ff618e26a5fe
18-09-2025,09:00,18-09-2025,BANCO DE SABADELL SA,ES0113860A34,Costes de transacción y/o externos de DEGIRO,,EUR,"-2,00",EUR,"609,74",0e5dba3f-7c3d-47e6-ad8e-ff618e26a5fe
18-09-2025,09:00,18-09-2025,BANCO DE SABADELL SA,ES0113860A34,"Compra 188 Banco de Sabadell SA@3,2 EUR (ES0113860A34)",,EUR,"-601,60",EUR,"611,74",0e5dba3f-7c3d-47e6-ad8e-ff618e26a5fe
17-09-2025,22:10,17-09-2025,,,"Transferir desde su Cuenta de Efectivo en flatexDEGIRO Bank: 596,4 EUR",,,,EUR,"1213,34",
17-09-2025,22:10,17-09-2025,,,Degiro Cash Sweep Transfer,,EUR,"596,40",EUR,"1809,74",
17-09-2025,20:02,17-09-2025,NOVO NORDISK A/S CLASS B,DK0062498333,Costes de transacción y/o externos de DEGIRO,,EUR,"-3,90",EUR,"1213,34",b0934607-f2e2-4490-9c48-5082e873b39c
17-09-2025,20:02,17-09-2025,NOVO NORDISK A/S CLASS B,DK0062498333,"Compra 12 Novo Nordisk A/S Class B@49,375 EUR (DK0062498333)",,EUR,"-592,50",EUR,"1217,24",b0934607-f2e2-4490-9c48-5082e873b39c
17-09-2025,11:51,17-09-2025,,,"Transferir a su Cuenta de Efectivo en flatexDEGIRO Bank: 1,2 EUR",,,,EUR,"1809,74",
17-09-2025,11:51,17-09-2025,,,Degiro Cash Sweep Transfer,,EUR,"-1,20",EUR,"1808,54",
17-09-2025,07:07,16-09-2025,,,Ingreso Cambio de Divisa,,EUR,"1,20",EUR,"1809,74",
17-09-2025,07:07,16-09-2025,,,Retirada Cambio de Divisa,"1,1896",USD,"-1,43",USD,"0,00",
16-09-2025,07:34,15-09-2025,ALPHABET INC CLASS C,US02079K1079,Dividendo,,USD,"1,68",USD,"1,43",
16-09-2025,07:34,15-09-2025,ALPHABET INC CLASS C,US02079K1079,Retención del dividendo,,USD,"-0,25",USD,"-0,25",
15-09-2025,09:00,15-09-2025,,,flatex Deposit,,EUR,"300,00",EUR,"1808,54",
15-09-2025,04:21,15-09-2025,,,"Transferir a su Cuenta de Efectivo en flatexDEGIRO Bank: 2,4 EUR",,,,EUR,"1508,54",
15-09-2025,04:21,15-09-2025,,,Degiro Cash Sweep Transfer,,EUR,"-2,40",EUR,"1506,14",
13-09-2025,06:38,12-09-2025,,,Ingreso Cambio de Divisa,,EUR,"2,40",EUR,"1508,54",
13-09-2025,06:38,12-09-2025,,,Retirada Cambio de Divisa,"1,1764",USD,"-2,82",USD,"0,00",
12-09-2025,19:40,12-09-2025,,,"Transferir a su Cuenta de Efectivo en flatexDEGIRO Bank: 1.446,15 EUR",,,,EUR,"1506,14",
12-09-2025,19:40,12-09-2025,,,Degiro Cash Sweep Transfer,,EUR,"-1446,15",EUR,"59,99",
12-09-2025,18:13,12-09-2025,VISA INC CLASS A,US92826C8394,Retirada Cambio de Divisa,"1,1743",USD,"-1700,60",USD,"2,82",98775ba6-f885-46b6-b4d2-41eb4a56d98f
12-09-2025,18:13,12-09-2025,VISA INC CLASS A,US92826C8394,Ingreso Cambio de Divisa,,EUR,"1448,15",EUR,"1506,14",98775ba6-f885-46b6-b4d2-41eb4a56d98f
12-09-2025,18:13,12-09-2025,VISA INC CLASS A,US92826C8394,Costes de transacción y/o externos de DEGIRO,,EUR,"-2,00",EUR,"57,99",98775ba6-f885-46b6-b4d2-41eb4a56d98f
12-09-2025,18:13,12-09-2025,VISA INC CLASS A,US92826C8394,"Venta 5 Visa Inc Class A@340,12 USD (US92826C8394)",,USD,"1700,60",USD,"1703,42",98775ba6-f885-46b6-b4d2-41eb4a56d98f
12-09-2025,08:23,11-09-2025,MICROSOFT CORP,US5949181045,Retención del dividendo,,USD,"1,00",USD,"2,82",
12-09-2025,08:23,11-09-2025,MICROSOFT CORP,US5949181045,Dividendo,,USD,"-6,64",USD,"1,82",
12-09-2025,08:22,11-09-2025,MICROSOFT CORP,US5949181045,Dividendo,,USD,"3,32",USD,"8,46",
12-09-2025,08:22,11-09-2025,MICROSOFT CORP,US5949181045,Retención del dividendo,,USD,"-0,50",USD,"5,14",
12-09-2025,07:43,12-09-2025,,,"Transferir a su Cuenta de Efectivo en flatexDEGIRO Bank: 3,58 EUR",,,,EUR,"59,99",
12-09-2025,07:43,12-09-2025,,,Degiro Cash Sweep Transfer,,EUR,"-3,58",EUR,"56,41",
12-09-2025,07:23,11-09-2025,MICROSOFT CORP,US5949181045,Dividendo,,USD,"3,32",USD,"5,64",
12-09-2025,07:23,11-09-2025,MICROSOFT CORP,US5949181045,Retención del dividendo,,USD,"-0,50",USD,"2,32",
12-09-2025,07:21,11-09-2025,MICROSOFT CORP,US5949181045,Retención del dividendo,,USD,"-0,50",USD,"2,82",
12-09-2025,07:21,11-09-2025,MICROSOFT CORP,US5949181045,Dividendo,,USD,"3,32",USD,"3,32",
12-09-2025,06:39,11-09-2025,,,Ingreso Cambio de Divisa,,EUR,"3,58",EUR,"59,99",
12-09-2025,06:39,11-09-2025,,,Retirada Cambio de Divisa,"1,1764",USD,"-4,21",USD,"0,00",
11-09-2025,07:44,10-09-2025,EXXON MOBIL CORP,US30231G1022,Retención del dividendo,,USD,"-0,74",USD,"4,21",
11-09-2025,07:44,10-09-2025,EXXON MOBIL CORP,US30231G1022,Dividendo,,USD,"4,95",USD,"4,95",
04-09-2025,08:02,04-09-2025,,,"Transferir a su Cuenta de Efectivo en flatexDEGIRO Bank: 4,29 EUR",,,,EUR,"56,41",
04-09-2025,08:02,04-09-2025,,,Degiro Cash Sweep Transfer,,EUR,"-4,29",EUR,"52,12",
04-09-2025,06:41,03-09-2025,,,Ingreso Cambio de Divisa,,EUR,"4,29",EUR,"56,41",
04-09-2025,06:41,03-09-2025,,,Retirada Cambio de Divisa,"1,1691",USD,"-5,01",USD,"0,00",
03-09-2025,07:39,02-09-2025,VISA INC CLASS A,US92826C8394,Dividendo,,USD,"5,90",USD,"5,01",
03-09-2025,07:39,02-09-2025,VISA INC CLASS A,US92826C8394,Retención del dividendo,,USD,"-0,89",USD,"-0,89",
02-09-2025,06:40,02-09-2025,,,"Transferir a su Cuenta de Efectivo en flatexDEGIRO Bank: 30,33 EUR",,,,EUR,"52,12",
02-09-2025,06:40,02-09-2025,,,Degiro Cash Sweep Transfer,,EUR,"-30,33",EUR,"21,79",
02-09-2025,05:46,29-08-2025,BANCO DE SABADELL SA,ES0113860A34,Retención del dividendo,,EUR,"-7,12",EUR,"52,12",
02-09-2025,05:46,29-08-2025,BANCO DE SABADELL SA,ES0113860A34,Dividendo,,EUR,"37,45",EUR,"59,24",
28-08-2025,08:50,28-08-2025,,,"Transferir a su Cuenta de Efectivo en flatexDEGIRO Bank: 19,55 EUR",,,,EUR,"21,79",
28-08-2025,08:50,28-08-2025,,,Degiro Cash Sweep Transfer,,EUR,"-19,55",EUR,"2,24",
28-08-2025,07:48,27-08-2025,ISHARES CORE EURO STOXX 50 UCITS ETF,IE0008471009,Dividendo,,EUR,"19,55",EUR,"21,79",
26-08-2025,17:20,26-08-2025,,,"Transferir desde su Cuenta de Efectivo en flatexDEGIRO Bank: 1.570,73 EUR",,,,EUR,"2,24",
26-08-2025,17:20,26-08-2025,,,Degiro Cash Sweep Transfer,,EUR,"1570,73",EUR,"1572,97",
26-08-2025,16:40,26-08-2025,,,"Transferir a su Cuenta de Efectivo en flatexDEGIRO Bank: 1.557,01 EUR",,,,EUR,"2,24",
26-08-2025,16:40,26-08-2025,,,Degiro Cash Sweep Transfer,,EUR,"-1557,01",EUR,"-1554,77",
26-08-2025,16:27,26-08-2025,TELEFONICA SA,ES0178430E18,Spanish Transaction Tax,,EUR,"-0,49",EUR,"2,24",a45e7443-4b15-405c-91ff-e5cd32df21db
26-08-2025,16:27,26-08-2025,TELEFONICA SA,ES0178430E18,Costes de transacción y/o externos de DEGIRO,,EUR,"-2,00",EUR,"2,73",a45e7443-4b15-405c-91ff-e5cd32df21db
26-08-2025,16:27,26-08-2025,TELEFONICA SA,ES0178430E18,"Compra 53 Telefonica SA@4,619 EUR (ES0178430E18)",,EUR,"-244,81",EUR,"4,73",a45e7443-4b15-405c-91ff-e5cd32df21db
26-08-2025,16:25,26-08-2025,NOVO NORDISK A/S CLASS B,DK0062498333,Costes de transacción y/o externos de DEGIRO,,EUR,"-3,90",EUR,"249,54",4e4b3319-4958-4590-b7ff-1c08415183b2
26-08-2025,16:25,26-08-2025,NOVO NORDISK A/S CLASS B,DK0062498333,"Compra 10 Novo Nordisk A/S Class B@47,095 EUR (DK0062498333)",,EUR,"-470,95",EUR,"253,44",4e4b3319-4958-4590-b7ff-1c08415183b2
26-08-2025,16:23,26-08-2025,CAIXABANK SA,ES0140609019,Spanish Transaction Tax,,EUR,"-0,43",EUR,"724,39",0e4c6605-9206-4d39-90c0-0bb3f69067d2
26-08-2025,16:23,26-08-2025,CAIXABANK SA,ES0140609019,Spanish Transaction Tax,,EUR,"-0,43",EUR,"724,82",0e4c6605-9206-4d39-90c0-0bb3f69067d2
26-08-2025,16:23,26-08-2025,CAIXABANK SA,ES0140609019,Costes de transacción y/o externos de DEGIRO,,EUR,"-2,00",EUR,"725,25",0e4c6605-9206-4d39-90c0-0bb3f69067d2
26-08-2025,16:23,26-08-2025,CAIXABANK SA,ES0140609019,"Compra 25 CaixaBank SA@8,66 EUR (ES0140609019)",,EUR,"-216,50",EUR,"727,25",0e4c6605-9206-4d39-90c0-0bb3f69067d2
26-08-2025,16:23,26-08-2025,CAIXABANK SA,ES0140609019,"Compra 25 CaixaBank SA@8,66 EUR (ES0140609019)",,EUR,"-216,50",EUR,"943,75",0e4c6605-9206-4d39-90c0-0bb3f69067d2
26-08-2025,16:22,26-08-2025,BANCO SANTANDER SA,ES0113900J37,Spanish Transaction Tax,,EUR,"-0,82",EUR,"1160,25",5b34342d-6748-4cb5-ba93-42e903708ea0
26-08-2025,16:22,26-08-2025,BANCO SANTANDER SA,ES0113900J37,Costes de transacción y/o externos de DEGIRO,,EUR,"-2,00",EUR,"1161,07",5b34342d-6748-4cb5-ba93-42e903708ea0
26-08-2025,16:22,26-08-2025,BANCO SANTANDER SA,ES0113900J37,"Compra 50 Banco Santander SA@8,198 EUR (ES0113900J37)",,EUR,"-409,90",EUR,"1163,07",5b34342d-6748-4cb5-ba93-42e903708ea0
26-08-2025,15:30,26-08-2025,AMAZON.COM INC,US0231351067,Retirada Cambio de Divisa,"1,1674",USD,"-1820,00",USD,"0,00",184ff98e-e96e-4134-8bb9-7b9990d3a7aa
26-08-2025,15:30,26-08-2025,AMAZON.COM INC,US0231351067,Ingreso Cambio de Divisa,,EUR,"1559,01",EUR,"1572,97",184ff98e-e96e-4134-8bb9-7b9990d3a7aa
26-08-2025,15:30,26-08-2025,AMAZON.COM INC,US0231351067,Costes de transacción y/o externos de DEGIRO,,EUR,"-2,00",EUR,"13,96",184ff98e-e96e-4134-8bb9-7b9990d3a7aa
26-08-2025,15:30,26-08-2025,AMAZON.COM INC,US0231351067,"Venta 8 Amazon.com Inc@227,5 USD (US0231351067)",,USD,"1820,00",USD,"1820,00",184ff98e-e96e-4134-8bb9-7b9990d3a7aa
22-08-2025,08:06,22-08-2025,,,"Transferir a su Cuenta de Efectivo en flatexDEGIRO Bank: 3,29 EUR",,,,EUR,"15,96",
22-08-2025,08:06,22-08-2025,,,Degiro Cash Sweep Transfer,,EUR,"-3,29",EUR,"12,67",
22-08-2025,06:39,21-08-2025,,,Ingreso Cambio de Divisa,,EUR,"3,29",EUR,"15,96",
22-08-2025,06:39,21-08-2025,,,Retirada Cambio de Divisa,"7,4869",DKK,"-24,64",DKK,"0,00",
21-08-2025,07:28,19-08-2025,NOVO NORDISK A/S CLASS B,DK0062498333,Dividendo,,DKK,"33,75",DKK,"24,64",
21-08-2025,07:28,19-08-2025,NOVO NORDISK A/S CLASS B,DK0062498333,Retención del dividendo,,DKK,"-9,11",DKK,"-9,11",
18-08-2025,07:34,18-08-2025,,,"Transferir a su Cuenta de Efectivo en flatexDEGIRO Bank: 1,88 EUR",,,,EUR,"12,67",
18-08-2025,07:34,18-08-2025,,,Degiro Cash Sweep Transfer,,EUR,"-1,88",EUR,"10,79",
18-08-2025,06:34,15-08-2025,,,Ingreso Cambio de Divisa,,EUR,"1,88",EUR,"12,67",
18-08-2025,06:34,15-08-2025,,,Retirada Cambio de Divisa,"1,1732",USD,"-2,21",USD,"0,00",
17-08-2025,23:06,15-08-2025,COSTCO WHOLESALE CORP,US22160K1051,Retención del dividendo,,USD,"-0,39",USD,"2,21",
17-08-2025,23:06,15-08-2025,COSTCO WHOLESALE CORP,US22160K1051,Dividendo,,USD,"2,60",USD,"2,60",
13-08-2025,12:20,13-08-2025,,,"Transferir desde su Cuenta de Efectivo en flatexDEGIRO Bank: 394,86 EUR",,,,EUR,"10,79",
13-08-2025,12:20,13-08-2025,,,Degiro Cash Sweep Transfer,,EUR,"394,86",EUR,"405,65",
13-08-2025,11:42,13-08-2025,NOVO NORDISK A/S CLASS B,DK0062498333,Costes de transacción y/o externos de DEGIRO,,EUR,"-3,90",EUR,"10,79",10c37914-0831-45da-b86a-19fb9d40c4e4
13-08-2025,11:42,13-08-2025,NOVO NORDISK A/S CLASS B,DK0062498333,"Compra 9 Novo Nordisk A/S Class B@43,44 EUR (DK0062498333)",,EUR,"-390,96",EUR,"14,69",10c37914-0831-45da-b86a-19fb9d40c4e4
13-08-2025,10:40,13-08-2025,,,flatex Deposit,,EUR,"400,00",EUR,"405,65",
05-08-2025,11:30,05-08-2025,,,"Transferir desde su Cuenta de Efectivo en flatexDEGIRO Bank: 1,46 EUR",,,,EUR,"5,65",
05-08-2025,11:30,05-08-2025,,,Degiro Cash Sweep Transfer,,EUR,"1,46",EUR,"7,11",
05-08-2025,10:35,05-08-2025,BANCO SANTANDER SA,ES0113900J37,Spanish Transaction Tax,,EUR,"-0,37",EUR,"5,65",75fd9a88-bc97-4ad0-a1fe-3b35e1deaeca
05-08-2025,10:35,05-08-2025,BANCO SANTANDER SA,ES0113900J37,Spanish Transaction Tax,,EUR,"-0,38",EUR,"6,02",75fd9a88-bc97-4ad0-a1fe-3b35e1deaeca
05-08-2025,10:35,05-08-2025,BANCO SANTANDER SA,ES0113900J37,Costes de transacción y/o externos de DEGIRO,,EUR,"-2,00",EUR,"6,40",75fd9a88-bc97-4ad0-a1fe-3b35e1deaeca
05-08-2025,10:35,05-08-2025,BANCO SANTANDER SA,ES0113900J37,"Compra 25 Banco Santander SA@7,39 EUR (ES0113900J37)",,EUR,"-184,75",EUR,"8,40",75fd9a88-bc97-4ad0-a1fe-3b35e1deaeca
05-08-2025,10:35,05-08-2025,BANCO SANTANDER SA,ES0113900J37,"Compra 26 Banco Santander SA@7,39 EUR (ES0113900J37)",,EUR,"-192,14",EUR,"193,15",75fd9a88-bc97-4ad0-a1fe-3b35e1deaeca
05-08-2025,10:34,05-08-2025,BANCO BILBAO VIZCAYA ARGENTARIA SA,ES0113211835,Spanish Transaction Tax,,EUR,"-0,41",EUR,"385,29",aa58ac26-b031-4422-9e47-b96dc787ba15
05-08-2025,10:34,05-08-2025,BANCO BILBAO VIZCAYA ARGENTARIA SA,ES0113211835,Spanish Transaction Tax,,EUR,"-0,41",EUR,"385,70",aa58ac26-b031-4422-9e47-b96dc787ba15
05-08-2025,10:34,05-08-2025,BANCO BILBAO VIZCAYA ARGENTARIA SA,ES0113211835,Costes de transacción y/o externos de DEGIRO,,EUR,"-2,00",EUR,"386,11",aa58ac26-b031-4422-9e47-b96dc787ba15
05-08-2025,10:34,05-08-2025,BANCO BILBAO VIZCAYA ARGENTARIA SA,ES0113211835,"Compra 14 Banco Bilbao Vizcaya Argentaria SA@14,63 EUR (ES0113211835)",,EUR,"-204,82",EUR,"388,11",aa58ac26-b031-4422-9e47-b96dc787ba15
05-08-2025,10:34,05-08-2025,BANCO BILBAO VIZCAYA ARGENTARIA SA,ES0113211835,"Compra 14 Banco Bilbao Vizcaya Argentaria SA@14,63 EUR (ES0113211835)",,EUR,"-204,82",EUR,"592,93",aa58ac26-b031-4422-9e47-b96dc787ba15
05-08-2025,10:26,05-08-2025,STST SPDR S&P U.S. DIV ARISTOCRATS,IE00B6YX5D40,Costes de transacción y/o externos de DEGIRO,,EUR,"-1,00",EUR,"797,75",1b6519a5-497d-4dec-9490-fa0e29d78cbb
05-08-2025,10:26,05-08-2025,STST SPDR S&P U.S. DIV ARISTOCRATS,IE00B6YX5D40,"Venta 12 StSt SPDR S&P U.S. Div Aristocrats UCITS ETF Dist@65,97 EUR (IE00B6YX5D40)",,EUR,"791,64",EUR,"798,75",1b6519a5-497d-4dec-9490-fa0e29d78cbb
25-07-2025,11:21,25-07-2025,,,"Transferir desde su Cuenta de Efectivo en flatexDEGIRO Bank: 479,27 EUR",,,,EUR,"7,11",
25-07-2025,11:21,25-07-2025,,,Degiro Cash Sweep Transfer,,EUR,"479,27",EUR,"486,38",
25-07-2025,10:30,25-07-2025,,,"Transferir desde su Cuenta de Efectivo en flatexDEGIRO Bank: 329,74 EUR",,,,EUR,"7,11",
25-07-2025,10:30,25-07-2025,,,Degiro Cash Sweep Transfer,,EUR,"329,74",EUR,"336,85",
25-07-2025,10:29,25-07-2025,BANCO DE SABADELL SA,ES0113860A34,Spanish Transaction Tax,,EUR,"-0,95",EUR,"7,11",33cd5de2-3919-4e3e-b2b5-446a197e0bd9
25-07-2025,10:29,25-07-2025,BANCO DE SABADELL SA,ES0113860A34,Costes de transacción y/o externos de DEGIRO,,EUR,"-2,00",EUR,"8,06",33cd5de2-3919-4e3e-b2b5-446a197e0bd9
25-07-2025,10:29,25-07-2025,BANCO DE SABADELL SA,ES0113860A34,"Compra 160 Banco de Sabadell SA@2,977 EUR",,EUR,"-476,32",EUR,"10,06",33cd5de2-3919-4e3e-b2b5-446a197e0bd9
,,,,,(ES0113860A34),,,,,,
25-07-2025,09:04,25-07-2025,ISHARES CORE EURO STOXX 50 UCITS ETF,IE0008471009,Costes de transacción y/o externos de DEGIRO,,EUR,"-1,00",EUR,"486,38",193c2508-97ed-43e3-8bcd-b0bb997de5ab
25-07-2025,09:04,25-07-2025,ISHARES CORE EURO STOXX 50 UCITS ETF,IE0008471009,"Compra 6 iShares Core EURO STOXX 50 UCITS ETF EUR Dist@54,79 EUR (IE0008471009)",,EUR,"-328,74",EUR,"487,38",193c2508-97ed-43e3-8bcd-b0bb997de5ab
24-07-2025,21:21,24-07-2025,,,"Transferir a su Cuenta de Efectivo en flatexDEGIRO Bank: 793,22 EUR",,,,EUR,"816,12",
24-07-2025,21:21,24-07-2025,,,Degiro Cash Sweep Transfer,,EUR,"-793,22",EUR,"22,90",
24-07-2025,20:35,24-07-2025,STARBUCKS CORP,US8552441094,Retirada Cambio de Divisa,"1,1795",USD,"-938,00",USD,"0,00",148bdafc-cd05-48de-bde8-c6c963f8eaee
24-07-2025,20:35,24-07-2025,STARBUCKS CORP,US8552441094,Ingreso Cambio de Divisa,,EUR,"795,22",EUR,"816,12",148bdafc-cd05-48de-bde8-c6c963f8eaee
24-07-2025,20:35,24-07-2025,STARBUCKS CORP,US8552441094,Costes de transacción y/o externos de DEGIRO,,EUR,"-2,00",EUR,"20,90",148bdafc-cd05-48de-bde8-c6c963f8eaee
24-07-2025,20:35,24-07-2025,STARBUCKS CORP,US8552441094,"Venta 10 Starbucks Corp@93,8 USD (US8552441094)",,USD,"938,00",USD,"938,00",148bdafc-cd05-48de-bde8-c6c963f8eaee
16-07-2025,10:41,16-07-2025,,,"Transferir desde su Cuenta de Efectivo en flatexDEGIRO Bank: 520,85 EUR",,,,EUR,"22,90",
16-07-2025,10:41,16-07-2025,,,Degiro Cash Sweep Transfer,,EUR,"520,85",EUR,"543,75",
16-07-2025,09:00,16-07-2025,SHELL PLC,GB00BP6MXD84,Costes de transacción y/o externos de DEGIRO,,EUR,"-4,90",EUR,"22,90",db1f8a08-ac18-4d87-a328-8aa73ba086b6
16-07-2025,09:00,16-07-2025,SHELL PLC,GB00BP6MXD84,"Compra 17 Shell PLC@30,35 EUR (GB00BP6MXD84)",,EUR,"-515,95",EUR,"27,80",db1f8a08-ac18-4d87-a328-8aa73ba086b6
15-07-2025,20:20,15-07-2025,,,"Transferir a su Cuenta de Efectivo en flatexDEGIRO Bank: 515,79 EUR",,,,EUR,"543,75",
15-07-2025,20:20,15-07-2025,,,Degiro Cash Sweep Transfer,,EUR,"-515,79",EUR,"27,96",
15-07-2025,19:43,15-07-2025,CHEVRON CORP,US1667641005,Retirada Cambio de Divisa,"1,1624",USD,"-601,88",USD,"0,00",145d0949-4eec-452c-8cfe-7427a339cbc9
15-07-2025,19:43,15-07-2025,CHEVRON CORP,US1667641005,Ingreso Cambio de Divisa,,EUR,"517,79",EUR,"543,75",145d0949-4eec-452c-8cfe-7427a339cbc9
15-07-2025,19:43,15-07-2025,CHEVRON CORP,US1667641005,Costes de transacción y/o externos de DEGIRO,,EUR,"-2,00",EUR,"25,96",145d0949-4eec-452c-8cfe-7427a339cbc9
15-07-2025,19:43,15-07-2025,CHEVRON CORP,US1667641005,"Venta 4 Chevron Corp@150,47 USD (US1667641005)",,USD,"601,88",USD,"601,88",145d0949-4eec-452c-8cfe-7427a339cbc9
14-07-2025,04:13,14-07-2025,,,"Transferir a su Cuenta de Efectivo en flatexDEGIRO Bank: 12,85 EUR",,,,EUR,"27,96",
14-07-2025,04:13,14-07-2025,,,Degiro Cash Sweep Transfer,,EUR,"-12,85",EUR,"15,11",
12-07-2025,06:37,11-07-2025,,,Ingreso Cambio de Divisa,,EUR,"12,85",EUR,"27,96",
12-07-2025,06:37,11-07-2025,,,Retirada Cambio de Divisa,"1,1718",USD,"-15,06",USD,"0,00",
11-07-2025,07:50,10-07-2025,VICI PROPERTIES INC,US9256521090,Dividendo,,USD,"6,49",USD,"15,06",
11-07-2025,07:50,10-07-2025,VICI PROPERTIES INC,US9256521090,Retención del dividendo,,USD,"-0,97",USD,"8,57",
11-07-2025,07:06,10-07-2025,ALTRIA GROUP INC,US02209S1033,Retención del dividendo,,USD,"-1,68",USD,"9,54",
11-07-2025,07:06,10-07-2025,ALTRIA GROUP INC,US02209S1033,Dividendo,,USD,"11,22",USD,"11,22",
08-07-2025,17:30,08-07-2025,,,"Transferir desde su Cuenta de Efectivo en flatexDEGIRO Bank: 474,46 EUR",,,,EUR,"15,11",
08-07-2025,17:30,08-07-2025,,,Degiro Cash Sweep Transfer,,EUR,"474,46",EUR,"489,57",
08-07-2025,16:57,08-07-2025,SALESFORCE INC,US79466L3024,Ingreso Cambio de Divisa,"1,1663",USD,"551,02",USD,"0,00",4165164d-3909-4c64-9660-c17a1c6251ee
08-07-2025,16:57,08-07-2025,SALESFORCE INC,US79466L3024,Retirada Cambio de Divisa,,EUR,"-472,46",EUR,"15,11",4165164d-3909-4c64-9660-c17a1c6251ee
08-07-2025,16:57,08-07-2025,SALESFORCE INC,US79466L3024,Costes de transacción y/o externos de DEGIRO,,EUR,"-2,00",EUR,"487,57",4165164d-3909-4c64-9660-c17a1c6251ee
08-07-2025,16:57,08-07-2025,SALESFORCE INC,US79466L3024,"Compra 2 Salesforce Inc@275,51 USD (US79466L3024)",,USD,"-551,02",USD,"-551,02",4165164d-3909-4c64-9660-c17a1c6251ee
07-07-2025,17:50,07-07-2025,,,flatex Deposit,,EUR,"400,00",EUR,"489,57",
07-07-2025,04:20,07-07-2025,,,"Transferir a su Cuenta de Efectivo en flatexDEGIRO Bank: 0,05 EUR",,,,EUR,"89,57",
07-07-2025,04:20,07-07-2025,,,Degiro Cash Sweep Transfer,,EUR,"-0,05",EUR,"89,52",
05-07-2025,22:12,30-06-2025,,,Flatex Interest Income,,EUR,"0,00",EUR,"89,57",
05-07-2025,06:42,04-07-2025,,,Ingreso Cambio de Divisa,,EUR,"0,05",EUR,"89,57",
05-07-2025,06:42,04-07-2025,,,Retirada Cambio de Divisa,"1,1808",USD,"-0,06",USD,"0,00",
04-07-2025,11:01,04-07-2025,,,"Transferir a su Cuenta de Efectivo en flatexDEGIRO Bank: 10,55 EUR",,,,EUR,"89,52",
04-07-2025,11:01,04-07-2025,,,Degiro Cash Sweep Transfer,,EUR,"-10,55",EUR,"78,97",
04-07-2025,07:56,03-07-2025,,,Ingreso Cambio de Divisa,,EUR,"10,55",EUR,"89,52",
04-07-2025,07:56,03-07-2025,,,Retirada Cambio de Divisa,"1,1787",USD,"-12,44",USD,"0,06",
04-07-2025,07:49,03-07-2025,NVIDIA CORP,US67066G1040,Retención del dividendo,,USD,"-0,01",USD,"12,50",
04-07-2025,07:47,03-07-2025,NVIDIA CORP,US67066G1040,Dividendo,,USD,"0,07",USD,"12,51",
03-07-2025,08:13,03-07-2025,,,"Transferir a su Cuenta de Efectivo en flatexDEGIRO Bank: 17,55 EUR",,,,EUR,"78,97",
03-07-2025,08:13,03-07-2025,,,Degiro Cash Sweep Transfer,,EUR,"-17,55",EUR,"61,42",
03-07-2025,07:32,02-07-2025,VANGUARD S&P 500 UCITS ETF USD DIS,IE00B3XXRP09,Dividendo,,USD,"3,76",USD,"12,44",
03-07-2025,07:26,02-07-2025,VANGUARD FTSE ALL-WORLD UCITS ETF,IE00B3RBWM25,Dividendo,,USD,"8,68",USD,"8,68",
03-07-2025,06:32,02-07-2025,,,Ingreso Cambio de Divisa,,EUR,"17,55",EUR,"78,97",
03-07-2025,06:32,02-07-2025,,,Retirada Cambio de Divisa,"1,1829",USD,"-20,76",USD,"0,00",
02-07-2025,07:41,01-07-2025,STST SPDR S&P U.S. DIV ARISTOCRATS,IE00B6YX5D40,Dividendo,,USD,"5,15",USD,"20,76",
02-07-2025,07:29,01-07-2025,COCA-COLA CO,US1912161007,Dividendo,,USD,"18,36",USD,"15,61",
02-07-2025,07:28,01-07-2025,COCA-COLA CO,US1912161007,Retención del dividendo,,USD,"-2,75",USD,"-2,75",
20-06-2025,08:32,20-06-2025,,,"Transferir a su Cuenta de Efectivo en flatexDEGIRO Bank: 16,4 EUR",,,,EUR,"61,42",
20-06-2025,08:32,20-06-2025,,,Degiro Cash Sweep Transfer,,EUR,"-16,40",EUR,"45,02",
20-06-2025,07:11,19-06-2025,TELEFONICA SA,ES0178430E18,Dividendo,,EUR,"20,25",EUR,"61,42",
20-06-2025,07:11,19-06-2025,TELEFONICA SA,ES0178430E18,Retención del dividendo,,EUR,"-3,85",EUR,"41,17",
18-06-2025,07:53,18-06-2025,,,"Transferir a su Cuenta de Efectivo en flatexDEGIRO Bank: 1,24 EUR",,,,EUR,"45,02",
18-06-2025,07:53,18-06-2025,,,Degiro Cash Sweep Transfer,,EUR,"-1,24",EUR,"43,78",
18-06-2025,06:57,17-06-2025,,,Ingreso Cambio de Divisa,,EUR,"1,24",EUR,"45,02",
18-06-2025,06:57,17-06-2025,,,Retirada Cambio de Divisa,"1,1508",USD,"-1,43",USD,"0,00",
17-06-2025,07:26,16-06-2025,ALPHABET INC CLASS C,US02079K1079,Dividendo,,USD,"1,68",USD,"1,43",
17-06-2025,07:26,16-06-2025,ALPHABET INC CLASS C,US02079K1079,Retención del dividendo,,USD,"-0,25",USD,"-0,25",
16-06-2025,04:06,16-06-2025,,,"Transferir a su Cuenta de Efectivo en flatexDEGIRO Bank: 2,44 EUR",,,,EUR,"43,78",
16-06-2025,04:06,16-06-2025,,,Degiro Cash Sweep Transfer,,EUR,"-2,44",EUR,"41,34",
14-06-2025,06:41,13-06-2025,,,Ingreso Cambio de Divisa,,EUR,"2,44",EUR,"43,78",
14-06-2025,06:41,13-06-2025,,,Retirada Cambio de Divisa,"1,1578",USD,"-2,82",USD,"0,00",
13-06-2025,07:29,12-06-2025,MICROSOFT CORP,US5949181045,Dividendo,,USD,"3,32",USD,"2,82",
13-06-2025,07:29,12-06-2025,MICROSOFT CORP,US5949181045,Retención del dividendo,,USD,"-0,50",USD,"-0,50",
12-06-2025,07:47,12-06-2025,,,"Transferir a su Cuenta de Efectivo en flatexDEGIRO Bank: 8,7 EUR",,,,EUR,"41,34",
12-06-2025,07:47,12-06-2025,,,Degiro Cash Sweep Transfer,,EUR,"-8,70",EUR,"32,64",
12-06-2025,06:39,11-06-2025,,,Ingreso Cambio de Divisa,,EUR,"8,70",EUR,"41,34",
12-06-2025,06:39,11-06-2025,,,Retirada Cambio de Divisa,"1,1516",USD,"-10,02",USD,"0,00",
11-06-2025,07:32,10-06-2025,EXXON MOBIL CORP,US30231G1022,Dividendo,,USD,"4,95",USD,"10,02",
11-06-2025,07:31,10-06-2025,EXXON MOBIL CORP,US30231G1022,Retención del dividendo,,USD,"-0,74",USD,"5,07",
11-06-2025,07:29,10-06-2025,CHEVRON CORP,US1667641005,Dividendo,,USD,"6,84",USD,"5,81",
11-06-2025,07:28,10-06-2025,CHEVRON CORP,US1667641005,Retención del dividendo,,USD,"-1,03",USD,"-1,03",
04-06-2025,07:43,04-06-2025,,,Degiro Cash Sweep Transfer,,EUR,"-4,39",EUR,"32,64",
04-06-2025,07:43,04-06-2025,,,"Transferir a su Cuenta de Efectivo en flatexDEGIRO Bank: 4,39 EUR",,,,EUR,"37,03",
04-06-2025,06:32,03-06-2025,,,Ingreso Cambio de Divisa,,EUR,"4,39",EUR,"32,64",
04-06-2025,06:32,03-06-2025,,,Retirada Cambio de Divisa,"1,1400",USD,"-5,01",USD,"0,00",
03-06-2025,08:11,03-06-2025,,,Degiro Cash Sweep Transfer,,EUR,"-4,52",EUR,"28,25",
03-06-2025,08:11,03-06-2025,,,"Transferir a su Cuenta de Efectivo en flatexDEGIRO Bank: 4,52 EUR",,,,EUR,"32,77",
03-06-2025,07:52,02-06-2025,VISA INC CLASS A,US92826C8394,Dividendo,,USD,"5,90",USD,"5,01",
03-06-2025,07:52,02-06-2025,VISA INC CLASS A,US92826C8394,Retención del dividendo,,USD,"-0,89",USD,"-0,89",
03-06-2025,06:37,02-06-2025,,,Ingreso Cambio de Divisa,,EUR,"4,52",EUR,"28,25",
03-06-2025,06:37,02-06-2025,,,Retirada Cambio de Divisa,"1,1470",USD,"-5,18",USD,"0,00",
02-06-2025,07:58,30-05-2025,STARBUCKS CORP,US8552441094,Retención del dividendo,,USD,"-0,92",USD,"5,18",
02-06-2025,07:58,30-05-2025,STARBUCKS CORP,US8552441094,Dividendo,,USD,"6,10",USD,"6,10",
30-05-2025,08:34,30-05-2025,,,Degiro Cash Sweep Transfer,,EUR,"-4,35",EUR,"23,73",
30-05-2025,08:34,30-05-2025,,,"Transferir a su Cuenta de Efectivo en flatexDEGIRO Bank: 4,35 EUR",,,,EUR,"28,08",
30-05-2025,07:18,29-05-2025,ISHARES CORE EURO STOXX 50 UCITS ETF,IE0008471009,Dividendo,,EUR,"4,35",EUR,"23,73",
19-05-2025,09:30,19-05-2025,,,"Transferir desde su Cuenta de Efectivo en flatexDEGIRO Bank: 1,97 EUR",,,,EUR,"19,38",
19-05-2025,09:30,19-05-2025,,,Degiro Cash Sweep Transfer,,EUR,"1,97",EUR,"21,35",
19-05-2025,08:31,19-05-2025,,,"Transferir a su Cuenta de Efectivo en flatexDEGIRO Bank: 1,97 EUR",,,,EUR,"19,38",
19-05-2025,08:31,19-05-2025,,,Degiro Cash Sweep Transfer,,EUR,"-1,97",EUR,"17,41",
19-05-2025,08:00,19-05-2025,,,"Transferir a su Cuenta de Efectivo en flatexDEGIRO Bank: 1,97 EUR",,,,EUR,"19,38",
19-05-2025,08:00,19-05-2025,,,Degiro Cash Sweep Transfer,,EUR,"-1,97",EUR,"17,41",
19-05-2025,06:31,16-05-2025,,,Ingreso Cambio de Divisa,,EUR,"1,97",EUR,"19,38",
19-05-2025,06:31,16-05-2025,,,Retirada Cambio de Divisa,"1,1191",USD,"-2,21",USD,"0,00",
18-05-2025,23:12,16-05-2025,COSTCO WHOLESALE CORP,US22160K1051,Retención del dividendo,,USD,"-0,39",USD,"2,21",
18-05-2025,23:12,16-05-2025,COSTCO WHOLESALE CORP,US22160K1051,Dividendo,,USD,"2,60",USD,"2,60",
15-05-2025,10:31,15-05-2025,,,Transferir desde su Cuenta de Efectivo en flatexDEGIRO Bank: 553 EUR,,,,EUR,"17,41",
15-05-2025,10:31,15-05-2025,,,Degiro Cash Sweep Transfer,,EUR,"553,00",EUR,"570,41",
15-05-2025,09:04,15-05-2025,ISHARES CORE EURO STOXX 50 UCITS ETF,IE0008471009,Costes de transacción y/o externos de DEGIRO,,EUR,"-1,00",EUR,"17,41",d8a21fb8-54f9-4d61-858f-d55563ca2a2b
15-05-2025,09:04,15-05-2025,ISHARES CORE EURO STOXX 50 UCITS ETF,IE0008471009,"Compra 10 iShares Core EURO STOXX 50 UCITS ETF EUR Dist@55,2 EUR (IE0008471009)",,EUR,"-552,00",EUR,"18,41",d8a21fb8-54f9-4d61-858f-d55563ca2a2b
14-05-2025,17:50,14-05-2025,,,flatex Deposit,,EUR,"400,00",EUR,"570,41",
08-05-2025,06:22,08-05-2025,,,"Transferir a su Cuenta de Efectivo en flatexDEGIRO Bank: 13,1 EUR",,,,EUR,"170,41",
08-05-2025,06:22,08-05-2025,,,Degiro Cash Sweep Transfer,,EUR,"-13,10",EUR,"157,31",
08-05-2025,05:13,02-05-2025,BANCO SANTANDER SA,ES0113900J37,Retención del dividendo,,EUR,"-3,07",EUR,"170,41",
08-05-2025,05:13,02-05-2025,BANCO SANTANDER SA,ES0113900J37,Dividendo,,EUR,"16,17",EUR,"173,48",
02-05-2025,10:33,02-05-2025,,,"Transferir desde su Cuenta de Efectivo en flatexDEGIRO Bank: 8,43 EUR",,,,EUR,"157,31",
02-05-2025,10:33,02-05-2025,,,Degiro Cash Sweep Transfer,,EUR,"8,43",EUR,"165,74",
02-05-2025,09:00,02-05-2025,,,"Transferir a su Cuenta de Efectivo en flatexDEGIRO Bank: 8,43 EUR",,,,EUR,"157,31",
02-05-2025,09:00,02-05-2025,,,Degiro Cash Sweep Transfer,,EUR,"-8,43",EUR,"148,88",
02-05-2025,08:00,02-05-2025,,,"Transferir a su Cuenta de Efectivo en flatexDEGIRO Bank: 8,43 EUR",,,,EUR,"157,31",
02-05-2025,08:00,02-05-2025,,,Degiro Cash Sweep Transfer,,EUR,"-8,43",EUR,"148,88",
02-05-2025,06:35,01-05-2025,,,Ingreso Cambio de Divisa,,EUR,"8,43",EUR,"157,31",
02-05-2025,06:35,01-05-2025,,,Retirada Cambio de Divisa,"1,1319",USD,"-9,54",USD,"0,00",
01-05-2025,07:32,30-04-2025,ALTRIA GROUP INC,US02209S1033,Retención del dividendo,,USD,"-1,68",USD,"9,54",
01-05-2025,07:32,30-04-2025,ALTRIA GROUP INC,US02209S1033,Dividendo,,USD,"11,22",USD,"11,22",
25-04-2025,08:41,25-04-2025,,,"Transferir a su Cuenta de Efectivo en flatexDEGIRO Bank: 39,44 EUR",,,,EUR,"148,88",
25-04-2025,08:41,25-04-2025,,,Degiro Cash Sweep Transfer,,EUR,"-39,44",EUR,"109,44",
25-04-2025,07:37,24-04-2025,CAIXABANK SA,ES0140609019,Retención del dividendo,,EUR,"-9,25",EUR,"148,88",
25-04-2025,07:37,24-04-2025,CAIXABANK SA,ES0140609019,Dividendo,,EUR,"48,69",EUR,"158,13",
11-04-2025,11:42,11-04-2025,,,"Transferir desde su Cuenta de Efectivo en flatexDEGIRO Bank: 30,55 EUR",,,,EUR,"109,44",
11-04-2025,11:42,11-04-2025,,,Degiro Cash Sweep Transfer,,EUR,"30,55",EUR,"139,99",
11-04-2025,10:00,11-04-2025,,,"Transferir a su Cuenta de Efectivo en flatexDEGIRO Bank: 30,55 EUR",,,,EUR,"109,44",
11-04-2025,10:00,11-04-2025,,,Degiro Cash Sweep Transfer,,EUR,"-30,55",EUR,"78,89",
11-04-2025,09:00,11-04-2025,,,"Transferir a su Cuenta de Efectivo en flatexDEGIRO Bank: 30,55 EUR",,,,EUR,"109,44",
11-04-2025,09:00,11-04-2025,,,Degiro Cash Sweep Transfer,,EUR,"-30,55",EUR,"78,89",
11-04-2025,07:24,10-04-2025,BANCO BILBAO VIZCAYA ARGENTARIA SA,ES0113211835,Dividendo,,EUR,"37,72",EUR,"109,44",
11-04-2025,07:24,10-04-2025,BANCO BILBAO VIZCAYA ARGENTARIA SA,ES0113211835,Retención del dividendo,,EUR,"-7,17",EUR,"71,72",
07-04-2025,04:38,07-04-2025,,,"Transferir a su Cuenta de Efectivo en flatexDEGIRO Bank: 5,03 EUR",,,,EUR,"78,89",
07-04-2025,04:38,07-04-2025,,,Degiro Cash Sweep Transfer,,EUR,"-5,03",EUR,"73,86",
05-04-2025,09:50,31-03-2025,,,Flatex Interest Income,,EUR,"0,00",EUR,"78,89",
05-04-2025,06:37,04-04-2025,,,Ingreso Cambio de Divisa,,EUR,"5,03",EUR,"78,89",
05-04-2025,06:37,04-04-2025,,,Retirada Cambio de Divisa,"1,0983",USD,"-5,52",USD,"0,00",
04-04-2025,22:14,04-04-2025,,,"Transferir a su Cuenta de Efectivo en flatexDEGIRO Bank: 7,72 EUR",,,,EUR,"73,86",
04-04-2025,22:14,04-04-2025,,,Degiro Cash Sweep Transfer,,EUR,"-7,72",EUR,"66,14",
04-04-2025,08:05,03-04-2025,,,Ingreso Cambio de Divisa,,EUR,"7,72",EUR,"73,86",
04-04-2025,08:05,03-04-2025,,,Retirada Cambio de Divisa,"1,1080",USD,"-8,55",USD,"5,52",
04-04-2025,07:14,03-04-2025,VICI PROPERTIES INC,US9256521090,Retención del dividendo,,USD,"-0,97",USD,"14,07",
04-04-2025,07:14,03-04-2025,VICI PROPERTIES INC,US9256521090,Dividendo,,USD,"6,49",USD,"15,04",
03-04-2025,08:58,02-04-2025,VANGUARD S&P 500 UCITS ETF USD DIS,IE00B3XXRP09,Dividendo,,USD,"3,85",USD,"8,55",
03-04-2025,08:48,02-04-2025,VANGUARD S&P 500 UCITS ETF USD DIS,IE00B3XXRP09,Dividendo,,USD,"-7,70",USD,"4,70",
03-04-2025,08:27,02-04-2025,NVIDIA CORP,US67066G1040,Dividendo,,USD,"0,07",USD,"12,40",
03-04-2025,08:27,02-04-2025,NVIDIA CORP,US67066G1040,Retención del dividendo,,USD,"-0,01",USD,"12,33",
03-04-2025,07:33,02-04-2025,VANGUARD S&P 500 UCITS ETF USD DIS,IE00B3XXRP09,Dividendo,,USD,"3,85",USD,"12,34",
03-04-2025,07:32,02-04-2025,VANGUARD S&P 500 UCITS ETF USD DIS,IE00B3XXRP09,Dividendo,,USD,"3,85",USD,"8,49",
03-04-2025,07:27,02-04-2025,VANGUARD FTSE ALL-WORLD UCITS ETF,IE00B3RBWM25,Dividendo,,USD,"4,64",USD,"4,64",
02-04-2025,08:46,02-04-2025,,,"Transferir a su Cuenta de Efectivo en flatexDEGIRO Bank: 19,13 EUR",,,,EUR,"66,14",
02-04-2025,08:46,02-04-2025,,,Degiro Cash Sweep Transfer,,EUR,"-19,13",EUR,"47,01",
02-04-2025,06:36,01-04-2025,,,Ingreso Cambio de Divisa,,EUR,"19,13",EUR,"66,14",
02-04-2025,06:36,01-04-2025,,,Retirada Cambio de Divisa,"1,0819",USD,"-20,70",USD,"0,00",
02-04-2025,06:07,01-04-2025,COCA-COLA CO,US1912161007,Retención del dividendo,,USD,"-2,75",USD,"20,70",
02-04-2025,06:07,01-04-2025,COCA-COLA CO,US1912161007,Dividendo,,USD,"18,36",USD,"23,45",
02-04-2025,06:05,01-04-2025,STST SPDR S&P U.S. DIV ARISTOCRATS,IE00B6YX5D40,Dividendo,,USD,"5,09",USD,"5,09",
31-03-2025,08:52,31-03-2025,,,"Transferir a su Cuenta de Efectivo en flatexDEGIRO Bank: 37,79 EUR",,,,EUR,"47,01",
31-03-2025,08:52,31-03-2025,,,Degiro Cash Sweep Transfer,,EUR,"-37,79",EUR,"9,22",
31-03-2025,07:23,28-03-2025,BANCO DE SABADELL SA,ES0113860A34,Dividendo,,EUR,"46,65",EUR,"47,01",
31-03-2025,07:23,28-03-2025,BANCO DE SABADELL SA,ES0113860A34,Retención del dividendo,,EUR,"-8,86",EUR,"0,36",
21-03-2025,10:41,21-03-2025,,,"Transferir desde su Cuenta de Efectivo en flatexDEGIRO Bank: 808,8 EUR",,,,EUR,"9,22",
21-03-2025,10:41,21-03-2025,,,Degiro Cash Sweep Transfer,,EUR,"808,80",EUR,"818,02",
21-03-2025,09:04,21-03-2025,ISHARES CORE EURO STOXX 50 UCITS ETF,IE0008471009,Costes de transacción y/o externos de DEGIRO,,EUR,"-1,00",EUR,"9,22",30da9c8e-2a4e-485f-b24a-d6cdbefc75d2
21-03-2025,09:04,21-03-2025,ISHARES CORE EURO STOXX 50 UCITS ETF,IE0008471009,"Compra 10 iShares Core EURO STOXX 50 UCITS ETF EUR Dist@55,19 EUR (IE0008471009)",,EUR,"-551,90",EUR,"10,22",30da9c8e-2a4e-485f-b24a-d6cdbefc75d2
21-03-2025,09:04,21-03-2025,ISHARES S&P 500 INFO TECHNOLG SCTR,IE00B3WJKG14,Costes de transacción y/o externos de DEGIRO,,EUR,"-3,00",EUR,"562,12",f33854cf-7e95-4e49-97e5-11670d00695c
21-03-2025,09:04,21-03-2025,ISHARES S&P 500 INFO TECHNOLG SCTR,IE00B3WJKG14,"Compra 9 iShares S&P 500 Info Technolg Sctr UCITS ETF USD A@28,1 EUR (IE00B3WJKG14)",,EUR,"-252,90",EUR,"565,12",f33854cf-7e95-4e49-97e5-11670d00695c
20-03-2025,15:00,20-03-2025,,,flatex Deposit,,EUR,"800,00",EUR,"818,02",
19-03-2025,08:07,19-03-2025,,,"Transferir a su Cuenta de Efectivo en flatexDEGIRO Bank: 1,24 EUR",,,,EUR,"18,02",
19-03-2025,08:07,19-03-2025,,,Degiro Cash Sweep Transfer,,EUR,"-1,24",EUR,"16,78",
19-03-2025,06:49,18-03-2025,,,Ingreso Cambio de Divisa,,EUR,"1,24",EUR,"18,02",
19-03-2025,06:49,18-03-2025,,,Retirada Cambio de Divisa,"1,0972",USD,"-1,36",USD,"0,00",
18-03-2025,07:33,17-03-2025,ALPHABET INC CLASS C,US02079K1079,Retención del dividendo,,USD,"-0,24",USD,"1,36",
18-03-2025,07:33,17-03-2025,ALPHABET INC CLASS C,US02079K1079,Dividendo,,USD,"1,60",USD,"1,60",
17-03-2025,04:22,17-03-2025,,,"Transferir a su Cuenta de Efectivo en flatexDEGIRO Bank: 2,59 EUR",,,,EUR,"16,78",
17-03-2025,04:22,17-03-2025,,,Degiro Cash Sweep Transfer,,EUR,"-2,59",EUR,"14,19",
15-03-2025,06:56,14-03-2025,,,Ingreso Cambio de Divisa,,EUR,"2,59",EUR,"16,78",
15-03-2025,06:56,14-03-2025,,,Retirada Cambio de Divisa,"1,0906",USD,"-2,82",USD,"0,00",
14-03-2025,07:33,13-03-2025,MICROSOFT CORP,US5949181045,Dividendo,,USD,"3,32",USD,"2,82",
14-03-2025,07:33,13-03-2025,MICROSOFT CORP,US5949181045,Retención del dividendo,,USD,"-0,50",USD,"-0,50",
13-03-2025,02:17,12-03-2025,,,"Transferir a su Cuenta de Efectivo en flatexDEGIRO Bank: 9,15 EUR",,,,EUR,"14,19",
13-03-2025,02:17,12-03-2025,,,Degiro Cash Sweep Transfer,,EUR,"-9,15",EUR,"5,04",
12-03-2025,06:44,11-03-2025,,,Ingreso Cambio de Divisa,,EUR,"9,15",EUR,"14,19",
12-03-2025,06:44,11-03-2025,,,Retirada Cambio de Divisa,"1,0947",USD,"-10,02",USD,"0,00",
11-03-2025,07:29,10-03-2025,EXXON MOBIL CORP,US30231G1022,Retención del dividendo,,USD,"-0,74",USD,"10,02",
11-03-2025,07:29,10-03-2025,EXXON MOBIL CORP,US30231G1022,Dividendo,,USD,"4,95",USD,"10,76",
11-03-2025,07:25,10-03-2025,CHEVRON CORP,US1667641005,Dividendo,,USD,"6,84",USD,"5,81",
11-03-2025,07:25,10-03-2025,CHEVRON CORP,US1667641005,Retención del dividendo,,USD,"-1,03",USD,"-1,03",
10-03-2025,15:54,10-03-2025,,,"Transferir desde su Cuenta de Efectivo en flatexDEGIRO Bank: 612,5 EUR",,,,EUR,"5,04",
10-03-2025,15:54,10-03-2025,,,Degiro Cash Sweep Transfer,,EUR,"612,50",EUR,"617,54",
10-03-2025,12:10,08-03-2025,,,"Transferir desde su Cuenta de Efectivo en flatexDEGIRO Bank: 303,51 EUR",,,,EUR,"5,04",
10-03-2025,12:10,08-03-2025,,,Degiro Cash Sweep Transfer,,EUR,"303,51",EUR,"308,55",
10-03-2025,10:54,10-03-2025,ISHARES S&P 500 INFO TECHNOLG SCTR,IE00B3WJKG14,Costes de transacción y/o externos de DEGIRO,,EUR,"-1,00",EUR,"5,04",bfa04eeb-8848-4996-97d9-6109c8b1a0c3
10-03-2025,10:54,10-03-2025,ISHARES S&P 500 INFO TECHNOLG SCTR,IE00B3WJKG14,"Compra 8 iShares S&P 500 Info Technolg Sctr UCITS ETF USD A@28,5 EUR (IE00B3WJKG14)",,EUR,"-228,00",EUR,"6,04",bfa04eeb-8848-4996-97d9-6109c8b1a0c3
10-03-2025,09:58,10-03-2025,VANGUARD FTSE ALL-WORLD UCITS ETF,IE00B3RBWM25,Costes de transacción y/o externos de DEGIRO,,EUR,"-1,00",EUR,"234,04",0702d534-9686-454f-b42f-6d18dabf8ab8
10-03-2025,09:58,10-03-2025,VANGUARD FTSE ALL-WORLD UCITS ETF,IE00B3RBWM25,"Compra 3 Vanguard FTSE All-World UCITS ETF USD Dis@127,5 EUR (IE00B3RBWM25)",,EUR,"-382,50",EUR,"235,04",0702d534-9686-454f-b42f-6d18dabf8ab8
07-03-2025,19:43,07-03-2025,VANGUARD S&P 500 UCITS ETF USD DIS,IE00B3XXRP09,Costes de transacción y/o externos de DEGIRO,,EUR,"-1,00",EUR,"617,54",8e3a1697-2142-49c1-ad6e-01601349f795
07-03-2025,19:43,07-03-2025,VANGUARD S&P 500 UCITS ETF USD DIS,IE00B3XXRP09,"Compra 3 Vanguard S&P 500 UCITS ETF USD Dis@100,838 EUR (IE00B3XXRP09)",,EUR,"-302,51",EUR,"618,54",8e3a1697-2142-49c1-ad6e-01601349f795
07-03-2025,15:10,07-03-2025,,,flatex Deposit,,EUR,"900,00",EUR,"921,05",
05-03-2025,20:01,05-03-2025,,,"Transferir a su Cuenta de Efectivo en flatexDEGIRO Bank: 4,7 EUR",,,,EUR,"21,05",
05-03-2025,20:01,05-03-2025,,,Degiro Cash Sweep Transfer,,EUR,"-4,70",EUR,"16,35",
05-03-2025,13:52,04-03-2025,,,Ingreso Cambio de Divisa,,EUR,"4,70",EUR,"21,05",
05-03-2025,13:52,04-03-2025,,,Retirada Cambio de Divisa,"1,0652",USD,"-5,01",USD,"0,00",
04-03-2025,20:02,04-03-2025,,,"Transferir a su Cuenta de Efectivo en flatexDEGIRO Bank: 4,93 EUR",,,,EUR,"16,35",
04-03-2025,20:02,04-03-2025,,,Degiro Cash Sweep Transfer,,EUR,"-4,93",EUR,"11,42",
04-03-2025,07:26,03-03-2025,VISA INC CLASS A,US92826C8394,Dividendo,,USD,"5,90",USD,"5,01",
04-03-2025,07:26,03-03-2025,VISA INC CLASS A,US92826C8394,Retención del dividendo,,USD,"-0,89",USD,"-0,89",
04-03-2025,06:40,03-03-2025,,,Ingreso Cambio de Divisa,,EUR,"4,93",EUR,"16,35",
04-03-2025,06:40,03-03-2025,,,Retirada Cambio de Divisa,"1,0514",USD,"-5,18",USD,"0,00",
03-03-2025,07:37,28-02-2025,STARBUCKS CORP,US8552441094,Dividendo,,USD,"6,10",USD,"5,18",
03-03-2025,07:37,28-02-2025,STARBUCKS CORP,US8552441094,Retención del dividendo,,USD,"-0,92",USD,"-0,92",
24-02-2025,19:52,24-02-2025,,,Degiro Cash Sweep Transfer,,EUR,"-1,88",EUR,"11,42",
24-02-2025,19:52,24-02-2025,,,"Transferir a su Cuenta de Efectivo en flatexDEGIRO Bank: 1,88 EUR",,,,EUR,"13,30",
24-02-2025,06:52,21-02-2025,,,Ingreso Cambio de Divisa,,EUR,"1,88",EUR,"11,42",
24-02-2025,06:52,21-02-2025,,,Retirada Cambio de Divisa,"1,0484",USD,"-1,97",USD,"0,00",
23-02-2025,23:40,21-02-2025,COSTCO WHOLESALE CORP,US22160K1051,Retención del dividendo,,USD,"-0,35",USD,"1,97",
23-02-2025,23:40,21-02-2025,COSTCO WHOLESALE CORP,US22160K1051,Dividendo,,USD,"2,32",USD,"2,32",
11-02-2025,02:03,10-02-2025,,,"Transferir a su Cuenta de Efectivo en flatexDEGIRO Bank: 9,54 EUR",,,,EUR,"9,54",
11-02-2025,02:03,10-02-2025,,,Degiro Cash Sweep Transfer,,EUR,"-9,54",EUR,"0,00",
10-02-2025,18:22,10-02-2025,UBER TECHNOLOGIES INC,US90353T1007,Ingreso Cambio de Divisa,"1,0286",USD,"463,26",USD,"0,00",03c67c7c-1f68-4ea8-ad7e-b619c744d425
10-02-2025,18:22,10-02-2025,UBER TECHNOLOGIES INC,US90353T1007,Retirada Cambio de Divisa,,EUR,"-450,37",EUR,"9,54",03c67c7c-1f68-4ea8-ad7e-b619c744d425
10-02-2025,18:22,10-02-2025,UBER TECHNOLOGIES INC,US90353T1007,Costes de transacción y/o externos de DEGIRO,,EUR,"-2,00",EUR,"459,91",03c67c7c-1f68-4ea8-ad7e-b619c744d425
10-02-2025,18:22,10-02-2025,UBER TECHNOLOGIES INC,US90353T1007,"Compra 6 Uber Technologies Inc@77,21 USD (US90353T1007)",,USD,"-463,26",USD,"-463,26",03c67c7c-1f68-4ea8-ad7e-b619c744d425
10-02-2025,18:21,10-02-2025,ALPHABET INC CLASS C,US02079K1079,Ingreso Cambio de Divisa,"1,0287",USD,"375,72",USD,"0,00",1ec8f237-39e9-4105-9dc0-f5e7150b1c2a
10-02-2025,18:21,10-02-2025,ALPHABET INC CLASS C,US02079K1079,Retirada Cambio de Divisa,,EUR,"-365,23",EUR,"461,91",1ec8f237-39e9-4105-9dc0-f5e7150b1c2a
10-02-2025,18:21,10-02-2025,ALPHABET INC CLASS C,US02079K1079,Costes de transacción y/o externos de DEGIRO,,EUR,"-2,00",EUR,"827,14",1ec8f237-39e9-4105-9dc0-f5e7150b1c2a
10-02-2025,18:21,10-02-2025,ALPHABET INC CLASS C,US02079K1079,"Compra 2 Alphabet Inc Class C@187,86 USD (US02079K1079)",,USD,"-375,72",USD,"-375,72",1ec8f237-39e9-4105-9dc0-f5e7150b1c2a
10-02-2025,15:56,10-02-2025,PEPSICO INC,US7134481081,Retirada Cambio de Divisa,"1,0336",USD,"-862,38",USD,"0,00",a2f4e365-cd78-4c87-ab5b-48354309ed8f
10-02-2025,15:56,10-02-2025,PEPSICO INC,US7134481081,Ingreso Cambio de Divisa,,EUR,"834,36",EUR,"829,14",a2f4e365-cd78-4c87-ab5b-48354309ed8f
10-02-2025,15:56,10-02-2025,PEPSICO INC,US7134481081,Costes de transacción y/o externos de DEGIRO,,EUR,"-2,00",EUR,"-5,22",a2f4e365-cd78-4c87-ab5b-48354309ed8f
10-02-2025,15:56,10-02-2025,PEPSICO INC,US7134481081,"Venta 6 PepsiCo Inc@143,73 USD (US7134481081)",,USD,"862,38",USD,"862,38",a2f4e365-cd78-4c87-ab5b-48354309ed8f
07-02-2025,06:51,06-02-2025,,,"Transferir desde su Cuenta de Efectivo en flatexDEGIRO Bank: 9,28 EUR",,,,EUR,"-3,22",
07-02-2025,06:51,06-02-2025,,,Degiro Cash Sweep Transfer,,EUR,"9,28",EUR,"6,06",
06-02-2025,17:16,31-01-2025,,,Comisión de conectividad con el mercado 2025 (New York Stock Exchange - NSY),,EUR,"-2,50",EUR,"-3,22",
06-02-2025,17:16,31-01-2025,,,Comisión de conectividad con el mercado 2025 (Nasdaq - NDQ),,EUR,"-2,50",EUR,"-0,72",
06-02-2025,17:16,31-01-2025,,,Comisión de conectividad con el mercado 2025 (Euronext Amsterdam - EAM),,EUR,"-2,50",EUR,"1,78",
06-02-2025,17:16,31-01-2025,,,Comisión de conectividad con el mercado 2025 (Tradegate AG - TDG),,EUR,"-2,50",EUR,"4,28",
06-02-2025,17:16,31-01-2025,,,Comisión de conectividad con el mercado 2025 (Xetra - XET),,EUR,"-2,50",EUR,"6,78",
01-02-2025,01:13,31-01-2025,,,"Transferir desde su Cuenta de Efectivo en flatexDEGIRO Bank: 480,27 EUR",,,,EUR,"9,28",
01-02-2025,01:13,31-01-2025,,,Degiro Cash Sweep Transfer,,EUR,"480,27",EUR,"489,55",
31-01-2025,15:30,31-01-2025,NVIDIA CORP,US67066G1040,Ingreso Cambio de Divisa,"1,0349",USD,"494,96",USD,"0,00",481bdae2-73b4-418f-ad03-8b91a0a0d9d6
31-01-2025,15:30,31-01-2025,NVIDIA CORP,US67066G1040,Retirada Cambio de Divisa,,EUR,"-478,27",EUR,"9,28",481bdae2-73b4-418f-ad03-8b91a0a0d9d6
31-01-2025,15:30,31-01-2025,NVIDIA CORP,US67066G1040,Costes de transacción y/o externos de DEGIRO,,EUR,"-2,00",EUR,"487,55",481bdae2-73b4-418f-ad03-8b91a0a0d9d6
31-01-2025,15:30,31-01-2025,NVIDIA CORP,US67066G1040,"Compra 4 NVIDIA Corp@123,74 USD (US67066G1040)",,USD,"-494,96",USD,"-494,96",481bdae2-73b4-418f-ad03-8b91a0a0d9d6
31-01-2025,09:00,31-01-2025,,,flatex Deposit,,EUR,"450,00",EUR,"489,55",
14-01-2025,18:00,14-01-2025,FLATEX EURO BANKACCOUNT,NLFLATEXACNT,Degiro Cash Sweep Transfer,,EUR,"-9,29",EUR,"39,55",
14-01-2025,18:00,14-01-2025,,,"Transferir a su Cuenta de Efectivo en flatexDEGIRO Bank: 9,29 EUR",,,,EUR,"48,84",
14-01-2025,06:45,13-01-2025,,,Ingreso Cambio de Divisa,,EUR,"9,29",EUR,"39,55",
14-01-2025,06:45,13-01-2025,,,Retirada Cambio de Divisa,"1,0270",USD,"-9,54",USD,"0,00",
13-01-2025,18:46,13-01-2025,,,"Transferir a su Cuenta de Efectivo en flatexDEGIRO Bank: 5,37 EUR",,,,EUR,"30,26",
13-01-2025,18:46,13-01-2025,FLATEX EURO BANKACCOUNT,NLFLATEXACNT,Degiro Cash Sweep Transfer,,EUR,"-5,37",EUR,"24,89",
13-01-2025,14:15,10-01-2025,,,"Transferir desde su Cuenta de Efectivo en flatexDEGIRO Bank: 594,49 EUR",,,,EUR,"30,26",
13-01-2025,14:15,10-01-2025,FLATEX EURO BANKACCOUNT,NLFLATEXACNT,Degiro Cash Sweep Transfer,,EUR,"594,49",EUR,"624,75",
13-01-2025,07:15,10-01-2025,ALTRIA GROUP INC,US02209S1033,Dividendo,,USD,"11,22",USD,"9,54",
13-01-2025,07:15,10-01-2025,ALTRIA GROUP INC,US02209S1033,Retención del dividendo,,USD,"-1,68",USD,"-1,68",
11-01-2025,06:51,10-01-2025,,,Ingreso Cambio de Divisa,,EUR,"5,37",EUR,"30,26",
11-01-2025,06:51,10-01-2025,,,Retirada Cambio de Divisa,"1,0270",USD,"-5,52",USD,"0,00",
10-01-2025,20:01,10-01-2025,FLATEX EURO BANKACCOUNT,NLFLATEXACNT,Degiro Cash Sweep Transfer,,EUR,"6,67",EUR,"24,89",
10-01-2025,20:01,10-01-2025,,,"Transferir desde su Cuenta de Efectivo en flatexDEGIRO Bank: 6,67 EUR",,,,EUR,"18,22",
10-01-2025,15:30,10-01-2025,NVIDIA CORP,US67066G1040,Ingreso Cambio de Divisa,"1,0234",USD,"412,44",USD,"5,52",d21f1d05-b55c-49be-9a95-98329302157b
10-01-2025,15:30,10-01-2025,NVIDIA CORP,US67066G1040,Retirada Cambio de Divisa,,EUR,"-403,00",EUR,"24,89",d21f1d05-b55c-49be-9a95-98329302157b
10-01-2025,15:30,10-01-2025,NVIDIA CORP,US67066G1040,Costes de transacción y/o externos de DEGIRO,,EUR,"-2,00",EUR,"427,89",d21f1d05-b55c-49be-9a95-98329302157b
10-01-2025,15:30,10-01-2025,NVIDIA CORP,US67066G1040,"Compra 3 NVIDIA Corp@137,48 USD (US67066G1040)",,USD,"-412,44",USD,"-406,92",d21f1d05-b55c-49be-9a95-98329302157b
10-01-2025,15:30,10-01-2025,UBER TECHNOLOGIES INC,US90353T1007,Ingreso Cambio de Divisa,"1,0234",USD,"191,88",USD,"5,52",fb290b49-14fc-4308-adc4-0ea03fa930d6
10-01-2025,15:30,10-01-2025,UBER TECHNOLOGIES INC,US90353T1007,Retirada Cambio de Divisa,,EUR,"-187,49",EUR,"429,89",fb290b49-14fc-4308-adc4-0ea03fa930d6
10-01-2025,15:30,10-01-2025,UBER TECHNOLOGIES INC,US90353T1007,Costes de transacción y/o externos de DEGIRO,,EUR,"-2,00",EUR,"617,38",fb290b49-14fc-4308-adc4-0ea03fa930d6
10-01-2025,15:30,10-01-2025,UBER TECHNOLOGIES INC,US90353T1007,"Compra 3 Uber Technologies Inc@63,96 USD (US90353T1007)",,USD,"-191,88",USD,"-186,36",fb290b49-14fc-4308-adc4-0ea03fa930d6
10-01-2025,07:15,09-01-2025,VICI PROPERTIES INC,US9256521090,Dividendo,,USD,"6,49",USD,"5,52",
10-01-2025,07:15,09-01-2025,VICI PROPERTIES INC,US9256521090,Retención del dividendo,,USD,"-0,97",USD,"-0,97",
09-01-2025,13:15,08-01-2025,,,"Transferir a su Cuenta de Efectivo en flatexDEGIRO Bank: 6,67 EUR",,,,EUR,"619,38",
09-01-2025,13:15,08-01-2025,FLATEX EURO BANKACCOUNT,NLFLATEXACNT,Degiro Cash Sweep Transfer,,EUR,"-6,67",EUR,"612,71",
09-01-2025,09:10,09-01-2025,,,flatex Deposit,,EUR,"600,00",EUR,"619,38",
09-01-2025,08:21,02-01-2025,,,Flatex Interest Income,,EUR,"0,00",EUR,"19,38",
08-01-2025,19:00,08-01-2025,FLATEX EURO BANKACCOUNT,NLFLATEXACNT,Degiro Cash Sweep Transfer,,EUR,"-6,67",EUR,"19,38",
08-01-2025,19:00,08-01-2025,,,"Transferir a su Cuenta de Efectivo en flatexDEGIRO Bank: 6,67 EUR",,,,EUR,"26,05",
08-01-2025,06:45,07-01-2025,,,Ingreso Cambio de Divisa,,EUR,"6,67",EUR,"19,38",
08-01-2025,06:45,07-01-2025,,,Retirada Cambio de Divisa,"1,0366",USD,"-6,91",USD,"0,00",
07-01-2025,07:04,06-01-2025,PEPSICO INC,US7134481081,Dividendo,,USD,"8,13",USD,"6,91",
07-01-2025,07:04,06-01-2025,PEPSICO INC,US7134481081,Retención del dividendo,,USD,"-1,22",USD,"-1,22",
06-01-2025,23:15,03-01-2025,FLATEX EURO BANKACCOUNT,NLFLATEXACNT,Degiro Cash Sweep Transfer,,EUR,"647,29",EUR,"12,71",
06-01-2025,23:15,03-01-2025,,,"Transferir desde su Cuenta de Efectivo en flatexDEGIRO Bank: 647,29 EUR",,,,EUR,"-634,58",
03-01-2025,20:01,03-01-2025,,,"Transferir a su Cuenta de Efectivo en flatexDEGIRO Bank: 4,11 EUR",,,,EUR,"12,71",
03-01-2025,20:01,03-01-2025,FLATEX EURO BANKACCOUNT,NLFLATEXACNT,Degiro Cash Sweep Transfer,,EUR,"-4,11",EUR,"8,60",
03-01-2025,06:53,02-01-2025,,,Ingreso Cambio de Divisa,,EUR,"4,11",EUR,"12,71",
03-01-2025,06:53,02-01-2025,,,Retirada Cambio de Divisa,"1,0290",USD,"-4,23",USD,"0,00",
02-01-2025,09:00,02-01-2025,BANCO DE SABADELL SA,ES0113860A34,Spanish Transaction Tax,,EUR,"-0,65",EUR,"8,60",6b7c0312-6420-44f4-b727-66c767227deb
02-01-2025,09:00,02-01-2025,BANCO DE SABADELL SA,ES0113860A34,Costes de transacción y/o externos de DEGIRO,,EUR,"-2,00",EUR,"9,25",6b7c0312-6420-44f4-b727-66c767227deb
02-01-2025,09:00,02-01-2025,BANCO DE SABADELL SA,ES0113860A34,"Compra 175 Banco de Sabadell SA@1,87 EUR (ES0113860A34)",,EUR,"-327,25",EUR,"11,25",6b7c0312-6420-44f4-b727-66c767227deb
02-01-2025,09:00,02-01-2025,BANCO SANTANDER SA,ES0113900J37,Spanish Transaction Tax,,EUR,"-0,64",EUR,"338,50",24e277fb-b896-487a-89ec-da3377cb20fd
02-01-2025,09:00,02-01-2025,BANCO SANTANDER SA,ES0113900J37,Costes de transacción y/o externos de DEGIRO,,EUR,"-2,00",EUR,"339,14",24e277fb-b896-487a-89ec-da3377cb20fd
02-01-2025,09:00,02-01-2025,BANCO SANTANDER SA,ES0113900J37,"Compra 72 Banco Santander SA@4,45 EUR (ES0113900J37)",,EUR,"-320,40",EUR,"341,14",24e277fb-b896-487a-89ec-da3377cb20fd
02-01-2025,07:18,31-12-2024,STST SPDR S&P U.S. DIV ARISTOCRATS,IE00B6YX5D40,Dividendo,,USD,"4,23",USD,"4,23",
31-12-2024,10:10,31-12-2024,,,flatex Deposit,,EUR,"600,00",EUR,"661,54",
31-12-2024,07:27,30-12-2024,,,Ingreso Cambio de Divisa,,EUR,"5,65",EUR,"61,54",
31-12-2024,07:27,30-12-2024,,,Retirada Cambio de Divisa,"1,0433",USD,"-5,89",USD,"0,00",
30-12-2024,07:34,27-12-2024,VANGUARD S&P 500 UCITS ETF USD DIS,IE00B3XXRP09,Dividendo,,USD,"2,76",USD,"5,89",
30-12-2024,07:29,27-12-2024,VANGUARD FTSE ALL-WORLD UCITS ETF,IE00B3RBWM25,Dividendo,,USD,"3,13",USD,"3,13",
20-12-2024,19:17,20-12-2024,,,"Transferir a su Cuenta de Efectivo en flatexDEGIRO Bank: 16,4 EUR",,,,EUR,"55,89",
20-12-2024,19:17,20-12-2024,FLATEX EURO BANKACCOUNT,NLFLATEXACNT,Degiro Cash Sweep Transfer,,EUR,"-16,40",EUR,"39,49",
20-12-2024,07:29,19-12-2024,TELEFONICA SA,ES0178430E18,Dividendo,,EUR,"20,25",EUR,"55,89",
20-12-2024,07:29,19-12-2024,TELEFONICA SA,ES0178430E18,Retención del dividendo,,EUR,"-3,85",EUR,"35,64",
18-12-2024,18:17,18-12-2024,FLATEX EURO BANKACCOUNT,NLFLATEXACNT,Degiro Cash Sweep Transfer,,EUR,"-15,08",EUR,"39,49",
18-12-2024,18:17,18-12-2024,,,"Transferir a su Cuenta de Efectivo en flatexDEGIRO Bank: 15,08 EUR",,,,EUR,"54,57",
18-12-2024,07:12,17-12-2024,,,Ingreso Cambio de Divisa,,EUR,"15,08",EUR,"39,49",
18-12-2024,07:12,17-12-2024,,,Retirada Cambio de Divisa,"1,0517",USD,"-15,86",USD,"0,00",
17-12-2024,17:16,16-12-2024,,,"Transferir a su Cuenta de Efectivo en flatexDEGIRO Bank: 2,68 EUR",,,,EUR,"24,41",
17-12-2024,17:16,16-12-2024,FLATEX EURO BANKACCOUNT,NLFLATEXACNT,Degiro Cash Sweep Transfer,,EUR,"-2,68",EUR,"21,73",
17-12-2024,07:31,16-12-2024,ALPHABET INC CLASS C,US02079K1079,Retención del dividendo,,USD,"-0,18",USD,"15,86",
17-12-2024,07:31,16-12-2024,ALPHABET INC CLASS C,US02079K1079,Dividendo,,USD,"1,20",USD,"16,04",
17-12-2024,07:10,16-12-2024,COCA-COLA CO,US1912161007,Retención del dividendo,,USD,"-2,62",USD,"14,84",
17-12-2024,07:10,16-12-2024,COCA-COLA CO,US1912161007,Dividendo,,USD,"17,46",USD,"17,46",
14-12-2024,07:08,13-12-2024,,,Ingreso Cambio de Divisa,,EUR,"2,68",EUR,"24,41",
14-12-2024,07:08,13-12-2024,,,Retirada Cambio de Divisa,"1,0527",USD,"-2,82",USD,"0,00",
13-12-2024,07:22,12-12-2024,MICROSOFT CORP,US5949181045,Retención del dividendo,,USD,"-0,50",USD,"2,82",
13-12-2024,07:22,12-12-2024,MICROSOFT CORP,US5949181045,Dividendo,,USD,"3,32",USD,"3,32",
13-12-2024,05:46,12-12-2024,FLATEX EURO BANKACCOUNT,NLFLATEXACNT,Degiro Cash Sweep Transfer,,EUR,"-9,27",EUR,"21,73",
13-12-2024,05:46,12-12-2024,,,"Transferir a su Cuenta de Efectivo en flatexDEGIRO Bank: 9,27 EUR",,,,EUR,"31,00",
12-12-2024,06:47,11-12-2024,,,Ingreso Cambio de Divisa,,EUR,"9,27",EUR,"21,73",
12-12-2024,06:47,11-12-2024,,,Retirada Cambio de Divisa,"1,0522",USD,"-9,75",USD,"0,00",
11-12-2024,07:22,10-12-2024,CHEVRON CORP,US1667641005,Retención del dividendo,,USD,"-0,98",USD,"9,75",
11-12-2024,07:22,10-12-2024,CHEVRON CORP,US1667641005,Dividendo,,USD,"6,52",USD,"10,73",
11-12-2024,07:16,10-12-2024,EXXON MOBIL CORP,US30231G1022,Dividendo,,USD,"4,95",USD,"4,21",
11-12-2024,07:16,10-12-2024,EXXON MOBIL CORP,US30231G1022,Retención del dividendo,,USD,"-0,74",USD,"-0,74",
05-12-2024,07:01,04-12-2024,FLATEX EURO BANKACCOUNT,NLFLATEXACNT,Degiro Cash Sweep Transfer,,EUR,"-4,76",EUR,"12,46",
05-12-2024,07:01,04-12-2024,,,"Transferir a su Cuenta de Efectivo en flatexDEGIRO Bank: 4,76 EUR",,,,EUR,"17,22",
04-12-2024,06:54,03-12-2024,,,Ingreso Cambio de Divisa,,EUR,"4,76",EUR,"12,46",
04-12-2024,06:54,03-12-2024,,,Retirada Cambio de Divisa,"1,0535",USD,"-5,01",USD,"0,00",
04-12-2024,02:16,03-12-2024,FLATEX EURO BANKACCOUNT,NLFLATEXACNT,Degiro Cash Sweep Transfer,,EUR,"-4,92",EUR,"7,70",
04-12-2024,02:16,03-12-2024,,,"Transferir a su Cuenta de Efectivo en flatexDEGIRO Bank: 4,92 EUR",,,,EUR,"12,62",
03-12-2024,07:42,02-12-2024,VISA INC CLASS A,US92826C8394,Dividendo,,USD,"5,90",USD,"5,01",
03-12-2024,07:42,02-12-2024,VISA INC CLASS A,US92826C8394,Retención del dividendo,,USD,"-0,89",USD,"-0,89",
03-12-2024,06:50,02-12-2024,,,Ingreso Cambio de Divisa,,EUR,"4,92",EUR,"7,70",
03-12-2024,06:50,02-12-2024,,,Retirada Cambio de Divisa,"1,0525",USD,"-5,18",USD,"0,00",
02-12-2024,07:24,29-11-2024,STARBUCKS CORP,US8552441094,Retención del dividendo,,USD,"-0,92",USD,"5,18",
02-12-2024,07:24,29-11-2024,STARBUCKS CORP,US8552441094,Dividendo,,USD,"6,10",USD,"6,10",
19-11-2024,18:15,19-11-2024,,,"Transferir desde su Cuenta de Efectivo en flatexDEGIRO Bank: 362,07 EUR",,,,EUR,"2,78",
19-11-2024,18:15,19-11-2024,FLATEX EURO BANKACCOUNT,NLFLATEXACNT,Degiro Cash Sweep Transfer,,EUR,"362,07",EUR,"364,85",
19-11-2024,13:17,19-11-2024,BANCO DE SABADELL SA,ES0113860A34,Spanish Transaction Tax,,EUR,"-0,72",EUR,"2,78",6ec470fc-1380-4b0e-9d6d-6e0cab4554d9
19-11-2024,13:17,19-11-2024,BANCO DE SABADELL SA,ES0113860A34,Costes de transacción y/o externos de DEGIRO,,EUR,"-2,00",EUR,"3,50",6ec470fc-1380-4b0e-9d6d-6e0cab4554d9
19-11-2024,13:17,19-11-2024,BANCO DE SABADELL SA,ES0113860A34,"Compra 200 Banco de Sabadell SA@1,806 EUR (ES0113860A34)",,EUR,"-361,20",EUR,"5,50",6ec470fc-1380-4b0e-9d6d-6e0cab4554d9
19-11-2024,11:45,18-11-2024,FLATEX EURO BANKACCOUNT,NLFLATEXACNT,Degiro Cash Sweep Transfer,,EUR,"1100,95",EUR,"366,70",
19-11-2024,11:45,18-11-2024,,,"Transferir desde su Cuenta de Efectivo en flatexDEGIRO Bank: 1.100,95 EUR",,,,EUR,"-734,25",
19-11-2024,09:20,19-11-2024,,,flatex Deposit,,EUR,"330,00",EUR,"366,70",
19-11-2024,06:44,18-11-2024,,,Ingreso Cambio de Divisa,,EUR,"1,85",EUR,"36,70",
19-11-2024,06:44,18-11-2024,,,Retirada Cambio de Divisa,"1,0625",USD,"-1,97",USD,"0,00",
18-11-2024,20:01,18-11-2024,,,Transferir a su Cuenta de Efectivo en flatexDEGIRO Bank: 1 EUR,,,,EUR,"34,85",
18-11-2024,20:01,18-11-2024,FLATEX EURO BANKACCOUNT,NLFLATEXACNT,Degiro Cash Sweep Transfer,,EUR,"-1,00",EUR,"33,85",
18-11-2024,15:32,18-11-2024,PEPSICO INC,US7134481081,Ingreso Cambio de Divisa,"1,0539",USD,"476,10",USD,"1,97",1281be6f-475e-4700-8a8d-69daea67b0f7
18-11-2024,15:32,18-11-2024,PEPSICO INC,US7134481081,Retirada Cambio de Divisa,,EUR,"-451,77",EUR,"34,85",1281be6f-475e-4700-8a8d-69daea67b0f7
18-11-2024,15:32,18-11-2024,PEPSICO INC,US7134481081,Costes de transacción y/o externos de DEGIRO,,EUR,"-2,00",EUR,"486,62",1281be6f-475e-4700-8a8d-69daea67b0f7
18-11-2024,15:32,18-11-2024,PEPSICO INC,US7134481081,"Compra 3 PepsiCo Inc@158,7 USD (US7134481081)",,USD,"-476,10",USD,"-474,13",1281be6f-475e-4700-8a8d-69daea67b0f7
18-11-2024,15:31,15-11-2024,,,"Transferir a su Cuenta de Efectivo en flatexDEGIRO Bank: 1.062,09 EUR",,,,EUR,"488,62",
18-11-2024,15:31,15-11-2024,FLATEX EURO BANKACCOUNT,NLFLATEXACNT,Degiro Cash Sweep Transfer,,EUR,"-1062,09",EUR,"-573,47",
18-11-2024,15:30,18-11-2024,COCA-COLA CO,US1912161007,Ingreso Cambio de Divisa,"1,0537",USD,"679,80",USD,"1,97",4e8657a3-c9ba-4d03-bbd9-9249a62918b9
18-11-2024,15:30,18-11-2024,COCA-COLA CO,US1912161007,Retirada Cambio de Divisa,,EUR,"-645,18",EUR,"488,62",4e8657a3-c9ba-4d03-bbd9-9249a62918b9
18-11-2024,15:30,18-11-2024,COCA-COLA CO,US1912161007,Costes de transacción y/o externos de DEGIRO,,EUR,"-2,00",EUR,"1133,80",4e8657a3-c9ba-4d03-bbd9-9249a62918b9
18-11-2024,15:30,18-11-2024,COCA-COLA CO,US1912161007,"Compra 11 Coca-Cola Co@61,8 USD (US1912161007)",,USD,"-679,80",USD,"-677,83",4e8657a3-c9ba-4d03-bbd9-9249a62918b9
18-11-2024,07:33,15-11-2024,COSTCO WHOLESALE CORP,US22160K1051,Dividendo,,USD,"2,32",USD,"1,97",
18-11-2024,07:33,15-11-2024,COSTCO WHOLESALE CORP,US22160K1051,Retención del dividendo,,USD,"-0,35",USD,"-0,35",
16-11-2024,07:05,15-11-2024,,,Ingreso Cambio de Divisa,,EUR,"1,00",EUR,"1135,80",
16-11-2024,07:05,15-11-2024,,,Retirada Cambio de Divisa,"1,0566",USD,"-1,06",USD,"0,00",
15-11-2024,16:35,15-11-2024,APPLE INC,US0378331005,Retirada Cambio de Divisa,"1,0558",USD,"-1123,50",USD,"1,06",12106de2-8f1c-47eb-a9ff-dbf6124e86ef
15-11-2024,16:35,15-11-2024,APPLE INC,US0378331005,Ingreso Cambio de Divisa,,EUR,"1064,09",EUR,"1134,80",12106de2-8f1c-47eb-a9ff-dbf6124e86ef
15-11-2024,16:35,15-11-2024,APPLE INC,US0378331005,Costes de transacción y/o externos de DEGIRO,,EUR,"-2,00",EUR,"70,71",12106de2-8f1c-47eb-a9ff-dbf6124e86ef
15-11-2024,16:35,15-11-2024,APPLE INC,US0378331005,"Venta 5 Apple Inc@224,7 USD (US0378331005)",,USD,"1123,50",USD,"1124,56",12106de2-8f1c-47eb-a9ff-dbf6124e86ef
15-11-2024,07:10,14-11-2024,APPLE INC,US0378331005,Retención del dividendo,,USD,"-0,19",USD,"1,06",
15-11-2024,07:10,14-11-2024,APPLE INC,US0378331005,Dividendo,,USD,"1,25",USD,"1,25",
08-11-2024,18:17,08-11-2024,FLATEX EURO BANKACCOUNT,NLFLATEXACNT,Degiro Cash Sweep Transfer,,EUR,"-20,49",EUR,"72,71",
08-11-2024,18:17,08-11-2024,,,"Transferir a su Cuenta de Efectivo en flatexDEGIRO Bank: 20,49 EUR",,,,EUR,"93,20",
08-11-2024,07:14,07-11-2024,CAIXABANK SA,ES0140609019,Retención del dividendo,,EUR,"-4,81",EUR,"72,71",
08-11-2024,07:14,07-11-2024,CAIXABANK SA,ES0140609019,Dividendo,,EUR,"25,30",EUR,"77,52",
05-11-2024,11:48,04-11-2024,FLATEX EURO BANKACCOUNT,NLFLATEXACNT,Degiro Cash Sweep Transfer,,EUR,"-6,07",EUR,"52,22",
05-11-2024,11:48,04-11-2024,,,"Transferir a su Cuenta de Efectivo en flatexDEGIRO Bank: 6,07 EUR",,,,EUR,"58,29",
04-11-2024,16:20,01-11-2024,BANCO SANTANDER SA,ES0113900J37,Dividendo,,EUR,"7,50",EUR,"52,22",
04-11-2024,16:20,01-11-2024,BANCO SANTANDER SA,ES0113900J37,Retención del dividendo,,EUR,"-1,43",EUR,"44,72",
11-10-2024,16:45,11-10-2024,FLATEX EURO BANKACCOUNT,NLFLATEXACNT,Degiro Cash Sweep Transfer,,EUR,"-21,61",EUR,"46,15",
11-10-2024,16:45,11-10-2024,,,"Transferir a su Cuenta de Efectivo en flatexDEGIRO Bank: 21,61 EUR",,,,EUR,"67,76",
11-10-2024,07:25,10-10-2024,BANCO BILBAO VIZCAYA ARGENTARIA SA,ES0113211835,Dividendo,,EUR,"26,68",EUR,"46,15",
11-10-2024,07:25,10-10-2024,BANCO BILBAO VIZCAYA ARGENTARIA SA,ES0113211835,Retención del dividendo,,EUR,"-5,07",EUR,"19,47",
10-10-2024,16:45,10-10-2024,,,"Transferir a su Cuenta de Efectivo en flatexDEGIRO Bank: 0,01 EUR",,,,EUR,"24,54",
10-10-2024,16:45,10-10-2024,FLATEX EURO BANKACCOUNT,NLFLATEXACNT,Degiro Cash Sweep Transfer,,EUR,"-0,01",EUR,"24,53",
10-10-2024,11:15,09-10-2024,FLATEX EURO BANKACCOUNT,NLFLATEXACNT,Degiro Cash Sweep Transfer,,EUR,"48,29",EUR,"24,54",
10-10-2024,11:15,09-10-2024,,,"Transferir desde su Cuenta de Efectivo en flatexDEGIRO Bank: 48,29 EUR",,,,EUR,"-23,75",
10-10-2024,06:49,09-10-2024,,,Ingreso Cambio de Divisa,,EUR,"0,01",EUR,"24,54",
10-10-2024,06:49,09-10-2024,,,Retirada Cambio de Divisa,"1,0967",USD,"-0,01",USD,"0,00",
09-10-2024,15:53,09-10-2024,VICI PROPERTIES INC,US9256521090,Ingreso Cambio de Divisa,"1,0926",USD,"291,33",USD,"0,01",75b28187-0787-4ea7-b518-d5fa41c6eacd
09-10-2024,15:53,09-10-2024,VICI PROPERTIES INC,US9256521090,Retirada Cambio de Divisa,,EUR,"-266,65",EUR,"24,53",75b28187-0787-4ea7-b518-d5fa41c6eacd
09-10-2024,15:53,09-10-2024,VICI PROPERTIES INC,US9256521090,Ingreso Cambio de Divisa,"1,0926",USD,"64,72",USD,"-291,32",75b28187-0787-4ea7-b518-d5fa41c6eacd
09-10-2024,15:53,09-10-2024,VICI PROPERTIES INC,US9256521090,Retirada Cambio de Divisa,,EUR,"-59,24",EUR,"291,18",75b28187-0787-4ea7-b518-d5fa41c6eacd
09-10-2024,15:53,09-10-2024,VICI PROPERTIES INC,US9256521090,Ingreso Cambio de Divisa,"1,0926",USD,"32,36",USD,"-356,04",75b28187-0787-4ea7-b518-d5fa41c6eacd
09-10-2024,15:53,09-10-2024,VICI PROPERTIES INC,US9256521090,Retirada Cambio de Divisa,,EUR,"-29,62",EUR,"350,42",75b28187-0787-4ea7-b518-d5fa41c6eacd
09-10-2024,15:53,09-10-2024,VICI PROPERTIES INC,US9256521090,Ingreso Cambio de Divisa,"1,0926",USD,"32,36",USD,"-388,40",75b28187-0787-4ea7-b518-d5fa41c6eacd
09-10-2024,15:53,09-10-2024,VICI PROPERTIES INC,US9256521090,Retirada Cambio de Divisa,,EUR,"-29,62",EUR,"380,04",75b28187-0787-4ea7-b518-d5fa41c6eacd
09-10-2024,15:53,09-10-2024,VICI PROPERTIES INC,US9256521090,Ingreso Cambio de Divisa,"1,0926",USD,"32,36",USD,"-420,76",75b28187-0787-4ea7-b518-d5fa41c6eacd
09-10-2024,15:53,09-10-2024,VICI PROPERTIES INC,US9256521090,Retirada Cambio de Divisa,,EUR,"-29,62",EUR,"409,66",75b28187-0787-4ea7-b518-d5fa41c6eacd
09-10-2024,15:53,09-10-2024,VICI PROPERTIES INC,US9256521090,Ingreso Cambio de Divisa,"1,0926",USD,"32,36",USD,"-453,12",75b28187-0787-4ea7-b518-d5fa41c6eacd
09-10-2024,15:53,09-10-2024,VICI PROPERTIES INC,US9256521090,Retirada Cambio de Divisa,,EUR,"-29,62",EUR,"439,28",75b28187-0787-4ea7-b518-d5fa41c6eacd
09-10-2024,15:53,09-10-2024,VICI PROPERTIES INC,US9256521090,Costes de transacción y/o externos de DEGIRO,,EUR,"-2,00",EUR,"468,90",75b28187-0787-4ea7-b518-d5fa41c6eacd
09-10-2024,15:53,09-10-2024,VICI PROPERTIES INC,US9256521090,"Compra 9 VICI Properties Inc@32,37 USD (US9256521090)",,USD,"-291,33",USD,"-485,48",75b28187-0787-4ea7-b518-d5fa41c6eacd
09-10-2024,15:53,09-10-2024,VICI PROPERTIES INC,US9256521090,"Compra 2 VICI Properties Inc@32,36 USD (US9256521090)",,USD,"-64,72",USD,"-194,15",75b28187-0787-4ea7-b518-d5fa41c6eacd
09-10-2024,15:53,09-10-2024,VICI PROPERTIES INC,US9256521090,"Compra 1 VICI Properties Inc@32,36 USD (US9256521090)",,USD,"-32,36",USD,"-129,43",75b28187-0787-4ea7-b518-d5fa41c6eacd
09-10-2024,15:53,09-10-2024,VICI PROPERTIES INC,US9256521090,"Compra 1 VICI Properties Inc@32,36 USD (US9256521090)",,USD,"-32,36",USD,"-97,07",75b28187-0787-4ea7-b518-d5fa41c6eacd
09-10-2024,15:53,09-10-2024,VICI PROPERTIES INC,US9256521090,"Compra 1 VICI Properties Inc@32,36 USD (US9256521090)",,USD,"-32,36",USD,"-64,71",75b28187-0787-4ea7-b518-d5fa41c6eacd
09-10-2024,15:53,09-10-2024,VICI PROPERTIES INC,US9256521090,"Compra 1 VICI Properties Inc@32,36 USD (US9256521090)",,USD,"-32,36",USD,"-32,35",75b28187-0787-4ea7-b518-d5fa41c6eacd
09-10-2024,15:47,09-10-2024,ALTRIA GROUP INC,US02209S1033,Ingreso Cambio de Divisa,"1,0928",USD,"548,85",USD,"0,01",2ac6e331-be0e-4b92-83d2-76444bd373cb
09-10-2024,15:47,09-10-2024,ALTRIA GROUP INC,US02209S1033,Retirada Cambio de Divisa,,EUR,"-502,26",EUR,"470,90",2ac6e331-be0e-4b92-83d2-76444bd373cb
09-10-2024,15:47,09-10-2024,ALTRIA GROUP INC,US02209S1033,Costes de transacción y/o externos de DEGIRO,,EUR,"-2,00",EUR,"973,16",2ac6e331-be0e-4b92-83d2-76444bd373cb
09-10-2024,15:47,09-10-2024,ALTRIA GROUP INC,US02209S1033,"Compra 11 Altria Group Inc@49,895 USD (US02209S1033)",,USD,"-548,84",USD,"-548,84",2ac6e331-be0e-4b92-83d2-76444bd373cb
09-10-2024,15:30,09-10-2024,ALPHABET INC CLASS C,US02079K1079,Retirada Cambio de Divisa,"1,0980",USD,"-993,00",USD,"0,00",1b8646b8-b13c-4b63-a2f2-3d4395214923
09-10-2024,15:30,09-10-2024,ALPHABET INC CLASS C,US02079K1079,Ingreso Cambio de Divisa,,EUR,"904,34",EUR,"975,16",1b8646b8-b13c-4b63-a2f2-3d4395214923
09-10-2024,15:30,09-10-2024,ALPHABET INC CLASS C,US02079K1079,Costes de transacción y/o externos de DEGIRO,,EUR,"-2,00",EUR,"70,82",1b8646b8-b13c-4b63-a2f2-3d4395214923
09-10-2024,15:30,09-10-2024,ALPHABET INC CLASS C,US02079K1079,"Venta 6 Alphabet Inc Class C@165,5 USD (US02079K1079)",,USD,"993,00",USD,"993,00",1b8646b8-b13c-4b63-a2f2-3d4395214923
05-10-2024,07:51,30-09-2024,,,Flatex Interest Income,,EUR,"0,00",EUR,"72,82",
03-10-2024,19:46,03-10-2024,,,"Transferir a su Cuenta de Efectivo en flatexDEGIRO Bank: 13,28 EUR",,,,EUR,"72,82",
03-10-2024,19:46,03-10-2024,FLATEX EURO BANKACCOUNT,NLFLATEXACNT,Degiro Cash Sweep Transfer,,EUR,"-13,28",EUR,"59,54",
03-10-2024,06:48,02-10-2024,,,Ingreso Cambio de Divisa,,EUR,"13,28",EUR,"72,82",
03-10-2024,06:48,02-10-2024,,,Retirada Cambio de Divisa,"1,1072",USD,"-14,70",USD,"0,00",
03-10-2024,05:16,02-10-2024,FLATEX EURO BANKACCOUNT,NLFLATEXACNT,Degiro Cash Sweep Transfer,,EUR,"-3,12",EUR,"59,54",
03-10-2024,05:16,02-10-2024,,,"Transferir a su Cuenta de Efectivo en flatexDEGIRO Bank: 3,12 EUR",,,,EUR,"62,66",
02-10-2024,07:36,01-10-2024,COCA-COLA CO,US1912161007,Dividendo,,USD,"12,13",USD,"14,70",
02-10-2024,07:36,01-10-2024,COCA-COLA CO,US1912161007,Retención del dividendo,,USD,"-1,82",USD,"2,57",
02-10-2024,07:26,01-10-2024,STST SPDR S&P U.S. DIV ARISTOCRATS,IE00B6YX5D40,Dividendo,,USD,"4,39",USD,"4,39",
02-10-2024,06:47,01-10-2024,,,Ingreso Cambio de Divisa,,EUR,"3,12",EUR,"59,54",
02-10-2024,06:47,01-10-2024,,,Retirada Cambio de Divisa,"1,1096",USD,"-3,46",USD,"0,00",
01-10-2024,07:18,30-09-2024,PEPSICO INC,US7134481081,Dividendo,,USD,"4,07",USD,"3,46",
01-10-2024,07:18,30-09-2024,PEPSICO INC,US7134481081,Retención del dividendo,,USD,"-0,61",USD,"-0,61",
27-09-2024,22:03,27-09-2024,,,"Transferir a su Cuenta de Efectivo en flatexDEGIRO Bank: 5,32 EUR",,,,EUR,"56,42",
27-09-2024,22:03,27-09-2024,FLATEX EURO BANKACCOUNT,NLFLATEXACNT,Degiro Cash Sweep Transfer,,EUR,"-5,32",EUR,"51,10",
27-09-2024,06:50,26-09-2024,,,Ingreso Cambio de Divisa,,EUR,"5,32",EUR,"56,42",
27-09-2024,06:50,26-09-2024,,,Retirada Cambio de Divisa,"1,1205",USD,"-5,96",USD,"0,00",
26-09-2024,07:33,25-09-2024,VANGUARD S&P 500 UCITS ETF USD DIS,IE00B3XXRP09,Dividendo,,USD,"2,56",USD,"5,96",
26-09-2024,07:07,25-09-2024,VANGUARD FTSE ALL-WORLD UCITS ETF,IE00B3RBWM25,Dividendo,,USD,"3,40",USD,"3,40",
18-09-2024,17:16,18-09-2024,,,"Transferir a su Cuenta de Efectivo en flatexDEGIRO Bank: 1,83 EUR",,,,EUR,"51,10",
18-09-2024,17:16,18-09-2024,FLATEX EURO BANKACCOUNT,NLFLATEXACNT,Degiro Cash Sweep Transfer,,EUR,"-1,83",EUR,"49,27",
18-09-2024,06:57,17-09-2024,,,Ingreso Cambio de Divisa,,EUR,"1,83",EUR,"51,10",
18-09-2024,06:57,17-09-2024,,,Retirada Cambio de Divisa,"1,1141",USD,"-2,04",USD,"0,00",
17-09-2024,07:53,16-09-2024,ALPHABET INC CLASS C,US02079K1079,Dividendo,,USD,"2,40",USD,"2,04",
17-09-2024,07:53,16-09-2024,ALPHABET INC CLASS C,US02079K1079,Retención del dividendo,,USD,"-0,36",USD,"-0,36",
16-09-2024,18:46,16-09-2024,,,"Transferir a su Cuenta de Efectivo en flatexDEGIRO Bank: 2,3 EUR",,,,EUR,"49,27",
16-09-2024,18:46,16-09-2024,FLATEX EURO BANKACCOUNT,NLFLATEXACNT,Degiro Cash Sweep Transfer,,EUR,"-2,30",EUR,"46,97",
14-09-2024,06:59,13-09-2024,,,Ingreso Cambio de Divisa,,EUR,"2,30",EUR,"49,27",
14-09-2024,06:59,13-09-2024,,,Retirada Cambio de Divisa,"1,1103",USD,"-2,55",USD,"0,00",
13-09-2024,07:20,12-09-2024,MICROSOFT CORP,US5949181045,Dividendo,,USD,"3,00",USD,"2,55",
13-09-2024,07:20,12-09-2024,MICROSOFT CORP,US5949181045,Retención del dividendo,,USD,"-0,45",USD,"-0,45",
12-09-2024,19:01,12-09-2024,,,"Transferir a su Cuenta de Efectivo en flatexDEGIRO Bank: 8,68 EUR",,,,EUR,"46,97",
12-09-2024,19:01,12-09-2024,FLATEX EURO BANKACCOUNT,NLFLATEXACNT,Degiro Cash Sweep Transfer,,EUR,"-8,68",EUR,"38,29",
12-09-2024,06:52,11-09-2024,,,Ingreso Cambio de Divisa,,EUR,"8,68",EUR,"46,97",
12-09-2024,06:52,11-09-2024,,,Retirada Cambio de Divisa,"1,1040",USD,"-9,58",USD,"0,00",
11-09-2024,07:16,10-09-2024,EXXON MOBIL CORP,US30231G1022,Retención del dividendo,,USD,"-0,71",USD,"9,58",
11-09-2024,07:16,10-09-2024,EXXON MOBIL CORP,US30231G1022,Dividendo,,USD,"4,75",USD,"10,29",
11-09-2024,07:12,10-09-2024,CHEVRON CORP,US1667641005,Dividendo,,USD,"6,52",USD,"5,54",
11-09-2024,07:12,10-09-2024,CHEVRON CORP,US1667641005,Retención del dividendo,,USD,"-0,98",USD,"-0,98",
05-09-2024,17:16,05-09-2024,,,"Transferir a su Cuenta de Efectivo en flatexDEGIRO Bank: 3,98 EUR",,,,EUR,"38,29",
05-09-2024,17:16,05-09-2024,FLATEX EURO BANKACCOUNT,NLFLATEXACNT,Degiro Cash Sweep Transfer,,EUR,"-3,98",EUR,"34,31",
05-09-2024,06:57,04-09-2024,,,Ingreso Cambio de Divisa,,EUR,"3,98",EUR,"38,29",
05-09-2024,06:57,04-09-2024,,,Retirada Cambio de Divisa,"1,1110",USD,"-4,42",USD,"0,00",
04-09-2024,07:37,03-09-2024,VISA INC CLASS A,US92826C8394,Dividendo,,USD,"5,20",USD,"4,42",
04-09-2024,07:37,03-09-2024,VISA INC CLASS A,US92826C8394,Retención del dividendo,,USD,"-0,78",USD,"-0,78",
04-09-2024,02:16,03-09-2024,,,"Transferir a su Cuenta de Efectivo en flatexDEGIRO Bank: 4,36 EUR",,,,EUR,"34,31",
04-09-2024,02:16,03-09-2024,FLATEX EURO BANKACCOUNT,NLFLATEXACNT,Degiro Cash Sweep Transfer,,EUR,"-4,36",EUR,"29,95",
03-09-2024,06:46,02-09-2024,,,Ingreso Cambio de Divisa,,EUR,"4,36",EUR,"34,31",
03-09-2024,06:46,02-09-2024,,,Retirada Cambio de Divisa,"1,1099",USD,"-4,84",USD,"0,00",
02-09-2024,07:19,30-08-2024,STARBUCKS CORP,US8552441094,Retención del dividendo,,USD,"-0,86",USD,"4,84",
02-09-2024,07:19,30-08-2024,STARBUCKS CORP,US8552441094,Dividendo,,USD,"5,70",USD,"5,70",
23-08-2024,09:45,22-08-2024,,,"Transferir a su Cuenta de Efectivo en flatexDEGIRO Bank: 7,74 EUR",,,,EUR,"29,95",
23-08-2024,09:45,22-08-2024,FLATEX EURO BANKACCOUNT,NLFLATEXACNT,Degiro Cash Sweep Transfer,,EUR,"-7,74",EUR,"22,21",
22-08-2024,16:23,22-08-2024,PEPSICO INC,US7134481081,Ingreso Cambio de Divisa,"1,1070",USD,"525,33",USD,"0,00",5b5aae83-615d-4e3a-85e0-e06978af7181
22-08-2024,16:23,22-08-2024,PEPSICO INC,US7134481081,Retirada Cambio de Divisa,,EUR,"-474,54",EUR,"29,95",5b5aae83-615d-4e3a-85e0-e06978af7181
22-08-2024,16:23,22-08-2024,PEPSICO INC,US7134481081,Costes de transacción y/o externos de DEGIRO,,EUR,"-2,00",EUR,"504,49",5b5aae83-615d-4e3a-85e0-e06978af7181
22-08-2024,16:23,22-08-2024,PEPSICO INC,US7134481081,"Compra 3 PepsiCo Inc@175,11 USD (US7134481081)",,USD,"-525,33",USD,"-525,33",5b5aae83-615d-4e3a-85e0-e06978af7181
22-08-2024,16:23,22-08-2024,COSTCO WHOLESALE CORP,US22160K1051,Ingreso Cambio de Divisa,"1,1072",USD,"1763,04",USD,"0,00",94e92195-182f-4919-951c-6143e3658361
22-08-2024,16:23,22-08-2024,COSTCO WHOLESALE CORP,US22160K1051,Retirada Cambio de Divisa,,EUR,"-1592,31",EUR,"506,49",94e92195-182f-4919-951c-6143e3658361
22-08-2024,16:23,22-08-2024,COSTCO WHOLESALE CORP,US22160K1051,Costes de transacción y/o externos de DEGIRO,,EUR,"-2,00",EUR,"2098,80",94e92195-182f-4919-951c-6143e3658361
22-08-2024,16:23,22-08-2024,COSTCO WHOLESALE CORP,US22160K1051,"Compra 2 Costco Wholesale Corp@881,52 USD (US22160K1051)",,USD,"-1763,04",USD,"-1763,04",94e92195-182f-4919-951c-6143e3658361
22-08-2024,15:30,22-08-2024,APPLE INC,US0378331005,Retirada Cambio de Divisa,"1,1166",USD,"-1365,54",USD,"0,00",de8b1331-0608-427f-a71a-393028b32b17
22-08-2024,15:30,22-08-2024,APPLE INC,US0378331005,Ingreso Cambio de Divisa,,EUR,"1222,96",EUR,"2100,80",de8b1331-0608-427f-a71a-393028b32b17
22-08-2024,15:30,22-08-2024,APPLE INC,US0378331005,Costes de transacción y/o externos de DEGIRO,,EUR,"-2,00",EUR,"877,84",de8b1331-0608-427f-a71a-393028b32b17
22-08-2024,15:30,22-08-2024,APPLE INC,US0378331005,"Venta 6 Apple Inc@227,59 USD (US0378331005)",,USD,"1365,54",USD,"1365,54",de8b1331-0608-427f-a71a-393028b32b17
22-08-2024,15:30,22-08-2024,KRAFT HEINZ CO,US5007541064,Retirada Cambio de Divisa,"1,1166",USD,"-959,85",USD,"0,00",bb91a401-1cc0-4801-8547-d36f0951a7b4
22-08-2024,15:30,22-08-2024,KRAFT HEINZ CO,US5007541064,Ingreso Cambio de Divisa,,EUR,"859,63",EUR,"879,84",bb91a401-1cc0-4801-8547-d36f0951a7b4
22-08-2024,15:30,22-08-2024,KRAFT HEINZ CO,US5007541064,Costes de transacción y/o externos de DEGIRO,,EUR,"-2,00",EUR,"20,21",bb91a401-1cc0-4801-8547-d36f0951a7b4
22-08-2024,15:30,22-08-2024,KRAFT HEINZ CO,US5007541064,"Venta 27 Kraft Heinz Co@35,55 USD (US5007541064)",,USD,"959,85",USD,"959,85",bb91a401-1cc0-4801-8547-d36f0951a7b4
19-08-2024,19:01,19-08-2024,,,"Transferir a su Cuenta de Efectivo en flatexDEGIRO Bank: 2,12 EUR",,,,EUR,"22,21",
19-08-2024,19:01,19-08-2024,FLATEX EURO BANKACCOUNT,NLFLATEXACNT,Degiro Cash Sweep Transfer,,EUR,"-2,12",EUR,"20,09",
17-08-2024,06:54,16-08-2024,,,Ingreso Cambio de Divisa,,EUR,"2,12",EUR,"22,21",
17-08-2024,06:54,16-08-2024,,,Retirada Cambio de Divisa,"1,1054",USD,"-2,34",USD,"0,00",
16-08-2024,07:50,15-08-2024,APPLE INC,US0378331005,Retención del dividendo,,USD,"-0,41",USD,"2,34",
16-08-2024,07:50,15-08-2024,APPLE INC,US0378331005,Dividendo,,USD,"2,75",USD,"2,75",
14-08-2024,10:46,12-08-2024,,,"Transferir desde su Cuenta de Efectivo en flatexDEGIRO Bank: 619,15 EUR",,,,EUR,"20,09",
14-08-2024,10:46,12-08-2024,FLATEX EURO BANKACCOUNT,NLFLATEXACNT,Degiro Cash Sweep Transfer,,EUR,"619,15",EUR,"639,24",
12-08-2024,16:43,12-08-2024,AMAZON.COM INC,US0231351067,Ingreso Cambio de Divisa,"1,0901",USD,"672,74",USD,"0,00",26efc631-827c-4736-9569-27cee3741dfb
12-08-2024,16:43,12-08-2024,AMAZON.COM INC,US0231351067,Retirada Cambio de Divisa,,EUR,"-617,15",EUR,"20,09",26efc631-827c-4736-9569-27cee3741dfb
12-08-2024,16:43,12-08-2024,AMAZON.COM INC,US0231351067,Costes de transacción y/o externos de DEGIRO,,EUR,"-2,00",EUR,"637,24",26efc631-827c-4736-9569-27cee3741dfb
12-08-2024,16:43,12-08-2024,AMAZON.COM INC,US0231351067,"Compra 4 Amazon.com Inc@168,185 USD (US0231351067)",,USD,"-672,74",USD,"-672,74",26efc631-827c-4736-9569-27cee3741dfb
12-08-2024,14:12,12-08-2024,,,flatex Deposit,,EUR,"600,00",EUR,"639,24",
31-07-2024,12:30,30-07-2024,,,"Transferir desde su Cuenta de Efectivo en flatexDEGIRO Bank: 976,84 EUR",,,,EUR,"39,24",
31-07-2024,12:30,30-07-2024,FLATEX EURO BANKACCOUNT,NLFLATEXACNT,Degiro Cash Sweep Transfer,,EUR,"976,84",EUR,"1016,08",
30-07-2024,15:30,30-07-2024,VISA INC CLASS A,US92826C8394,Ingreso Cambio de Divisa,"1,0787",USD,"1051,56",USD,"0,00",8dec024c-c4b3-4dea-ac92-dcc3d2e61c6a
30-07-2024,15:30,30-07-2024,VISA INC CLASS A,US92826C8394,Retirada Cambio de Divisa,,EUR,"-974,84",EUR,"39,24",8dec024c-c4b3-4dea-ac92-dcc3d2e61c6a
30-07-2024,15:30,30-07-2024,VISA INC CLASS A,US92826C8394,Costes de transacción y/o externos de DEGIRO,,EUR,"-2,00",EUR,"1014,08",8dec024c-c4b3-4dea-ac92-dcc3d2e61c6a
30-07-2024,15:30,30-07-2024,VISA INC CLASS A,US92826C8394,"Compra 4 Visa Inc Class A@262,89 USD (US92826C8394)",,USD,"-1051,56",USD,"-1051,56",8dec024c-c4b3-4dea-ac92-dcc3d2e61c6a
30-07-2024,09:40,30-07-2024,,,flatex Deposit,,EUR,"1000,00",EUR,"1016,08",
16-07-2024,19:00,16-07-2024,,,"Transferir desde su Cuenta de Efectivo en flatexDEGIRO Bank: 630,57 EUR",,,,EUR,"16,08",
16-07-2024,19:00,16-07-2024,FLATEX EURO BANKACCOUNT,NLFLATEXACNT,Degiro Cash Sweep Transfer,,EUR,"630,57",EUR,"646,65",
16-07-2024,10:45,15-07-2024,,,"Transferir a su Cuenta de Efectivo en flatexDEGIRO Bank: 573,59 EUR",,,,EUR,"16,08",
16-07-2024,10:45,15-07-2024,FLATEX EURO BANKACCOUNT,NLFLATEXACNT,Degiro Cash Sweep Transfer,,EUR,"-573,59",EUR,"-557,51",
16-07-2024,09:00,16-07-2024,CAIXABANK SA,ES0140609019,Spanish Transaction Tax,,EUR,"-0,62",EUR,"16,08",874fcc1e-0f23-4049-8d5f-5485494fd39b
16-07-2024,09:00,16-07-2024,CAIXABANK SA,ES0140609019,Costes de transacción y/o externos de DEGIRO,,EUR,"-2,00",EUR,"16,70",874fcc1e-0f23-4049-8d5f-5485494fd39b
16-07-2024,09:00,16-07-2024,BANCO BILBAO VIZCAYA ARGENTARIA SA,ES0113211835,Spanish Transaction Tax,,EUR,"-0,63",EUR,"18,70",3580fe9e-6721-4f4d-9552-b774c6befe32
16-07-2024,09:00,16-07-2024,BANCO BILBAO VIZCAYA ARGENTARIA SA,ES0113211835,Costes de transacción y/o externos de DEGIRO,,EUR,"-2,00",EUR,"19,33",3580fe9e-6721-4f4d-9552-b774c6befe32
16-07-2024,09:00,16-07-2024,CAIXABANK SA,ES0140609019,"Compra 60 CaixaBank SA@5,206 EUR (ES0140609019)",,EUR,"-312,36",EUR,"21,33",874fcc1e-0f23-4049-8d5f-5485494fd39b
16-07-2024,09:00,16-07-2024,BANCO BILBAO VIZCAYA ARGENTARIA SA,ES0113211835,"Compra 32 Banco Bilbao Vizcaya Argentaria SA@9,78 EUR (ES0113211835)",,EUR,"-312,96",EUR,"333,69",3580fe9e-6721-4f4d-9552-b774c6befe32
15-07-2024,19:38,15-07-2024,KROGER CO,US5010441013,Retirada Cambio de Divisa,"1,0921",USD,"-628,62",USD,"0,00",a3cc14e7-a260-4397-bcb8-ad24e1d23267
15-07-2024,19:38,15-07-2024,KROGER CO,US5010441013,Ingreso Cambio de Divisa,,EUR,"575,59",EUR,"646,65",a3cc14e7-a260-4397-bcb8-ad24e1d23267
15-07-2024,19:38,15-07-2024,KROGER CO,US5010441013,Costes de transacción y/o externos de DEGIRO,,EUR,"-2,00",EUR,"71,06",a3cc14e7-a260-4397-bcb8-ad24e1d23267
15-07-2024,19:38,15-07-2024,KROGER CO,US5010441013,"Venta 12 Kroger Co@52,385 USD (US5010441013)",,USD,"628,62",USD,"628,62",a3cc14e7-a260-4397-bcb8-ad24e1d23267
06-07-2024,13:30,30-06-2024,,,Flatex Interest Income,,EUR,"0,00",EUR,"73,06",
04-07-2024,16:45,04-07-2024,,,"Transferir a su Cuenta de Efectivo en flatexDEGIRO Bank: 4,74 EUR",,,,EUR,"73,06",
04-07-2024,16:45,04-07-2024,FLATEX EURO BANKACCOUNT,NLFLATEXACNT,Degiro Cash Sweep Transfer,,EUR,"-4,74",EUR,"68,32",
04-07-2024,12:46,03-07-2024,,,"Transferir a su Cuenta de Efectivo en flatexDEGIRO Bank: 9,57 EUR",,,,EUR,"73,06",
04-07-2024,12:46,03-07-2024,FLATEX EURO BANKACCOUNT,NLFLATEXACNT,Degiro Cash Sweep Transfer,,EUR,"-9,57",EUR,"63,49",
04-07-2024,07:01,03-07-2024,,,Ingreso Cambio de Divisa,,EUR,"4,74",EUR,"73,06",
04-07-2024,07:01,03-07-2024,,,Retirada Cambio de Divisa,"1,0813",USD,"-5,13",USD,"0,00",
03-07-2024,07:32,02-07-2024,,,Ingreso Cambio de Divisa,,EUR,"9,57",EUR,"68,32",
03-07-2024,07:32,02-07-2024,,,Retirada Cambio de Divisa,"1,0773",USD,"-10,31",USD,"5,13",
03-07-2024,07:04,02-07-2024,STST SPDR S&P U.S. DIV ARISTOCRATS,IE00B6YX5D40,Dividendo,,USD,"5,13",USD,"15,44",
02-07-2024,17:47,02-07-2024,,,"Transferir a su Cuenta de Efectivo en flatexDEGIRO Bank: 8,53 EUR",,,,EUR,"58,75",
02-07-2024,17:47,02-07-2024,FLATEX EURO BANKACCOUNT,NLFLATEXACNT,Degiro Cash Sweep Transfer,,EUR,"-8,53",EUR,"50,22",
02-07-2024,07:36,01-07-2024,,,Ingreso Cambio de Divisa,,EUR,"8,53",EUR,"58,75",
02-07-2024,07:36,01-07-2024,,,Retirada Cambio de Divisa,"1,0767",USD,"-9,18",USD,"10,31",
02-07-2024,07:07,01-07-2024,COCA-COLA CO,US1912161007,Dividendo,,USD,"12,13",USD,"19,49",
02-07-2024,07:07,01-07-2024,COCA-COLA CO,US1912161007,Retención del dividendo,,USD,"-1,82",USD,"7,36",
01-07-2024,08:05,28-06-2024,KRAFT HEINZ CO,US5007541064,Dividendo,,USD,"10,80",USD,"9,18",
01-07-2024,08:05,28-06-2024,KRAFT HEINZ CO,US5007541064,Retención del dividendo,,USD,"-1,62",USD,"-1,62",
28-06-2024,20:32,28-06-2024,,,"Transferir a su Cuenta de Efectivo en flatexDEGIRO Bank: 2,17 EUR",,,,EUR,"50,22",
28-06-2024,20:32,28-06-2024,FLATEX EURO BANKACCOUNT,NLFLATEXACNT,Degiro Cash Sweep Transfer,,EUR,"-2,17",EUR,"48,05",
28-06-2024,08:30,27-06-2024,,,Ingreso Cambio de Divisa,,EUR,"2,17",EUR,"50,22",
28-06-2024,08:30,27-06-2024,,,Retirada Cambio de Divisa,"1,0731",USD,"-2,33",USD,"0,00",
27-06-2024,18:16,27-06-2024,,,"Transferir a su Cuenta de Efectivo en flatexDEGIRO Bank: 5,16 EUR",,,,EUR,"48,05",
27-06-2024,18:16,27-06-2024,FLATEX EURO BANKACCOUNT,NLFLATEXACNT,Degiro Cash Sweep Transfer,,EUR,"-5,16",EUR,"42,89",
27-06-2024,07:55,26-06-2024,,,Ingreso Cambio de Divisa,,EUR,"5,16",EUR,"48,05",
27-06-2024,07:55,26-06-2024,,,Retirada Cambio de Divisa,"1,0707",USD,"-5,52",USD,"2,33",
27-06-2024,07:34,26-06-2024,VANGUARD S&P 500 UCITS ETF USD DIS,IE00B3XXRP09,Dividendo,,USD,"2,33",USD,"7,85",
27-06-2024,06:15,26-06-2024,VANGUARD FTSE ALL-WORLD UCITS ETF,IE00B3RBWM25,Dividendo,,USD,"5,52",USD,"5,52",
21-06-2024,17:00,21-06-2024,,,"Transferir a su Cuenta de Efectivo en flatexDEGIRO Bank: 16,4 EUR",,,,EUR,"42,89",
21-06-2024,17:00,21-06-2024,FLATEX EURO BANKACCOUNT,NLFLATEXACNT,Degiro Cash Sweep Transfer,,EUR,"-16,40",EUR,"26,49",
21-06-2024,07:30,20-06-2024,TELEFONICA SA,ES0178430E18,Retención del dividendo,,EUR,"-3,85",EUR,"42,89",
21-06-2024,07:30,20-06-2024,TELEFONICA SA,ES0178430E18,Dividendo,,EUR,"20,25",EUR,"46,74",
19-06-2024,23:45,19-06-2024,,,"Transferir desde su Cuenta de Efectivo en flatexDEGIRO Bank: 610,71 EUR",,,,EUR,"26,49",
19-06-2024,23:45,19-06-2024,FLATEX EURO BANKACCOUNT,NLFLATEXACNT,Degiro Cash Sweep Transfer,,EUR,"610,71",EUR,"637,20",
19-06-2024,11:16,19-06-2024,ISHARES S&P 500 INFO TECHNOLG SCTR,IE00B3WJKG14,Costes de transacción y/o externos de DEGIRO,,EUR,"-1,00",EUR,"26,49",e5cf63b8-f33f-4f83-b842-b0b54dfb2854
19-06-2024,11:16,19-06-2024,ISHARES S&P 500 INFO TECHNOLG SCTR,IE00B3WJKG14,"Compra 20 iShares S&P 500 Info Technolg Sctr UCITS ETF USD A@30,58 EUR (IE00B3WJKG14)",,EUR,"-611,60",EUR,"27,49",e5cf63b8-f33f-4f83-b842-b0b54dfb2854
19-06-2024,06:46,18-06-2024,,,Ingreso Cambio de Divisa,,EUR,"1,89",EUR,"639,09",
19-06-2024,06:46,18-06-2024,,,Retirada Cambio de Divisa,"1,0767",USD,"-2,04",USD,"0,00",
18-06-2024,18:46,18-06-2024,,,"Transferir desde su Cuenta de Efectivo en flatexDEGIRO Bank: 2,38 EUR",,,,EUR,"637,20",
18-06-2024,18:46,18-06-2024,FLATEX EURO BANKACCOUNT,NLFLATEXACNT,Degiro Cash Sweep Transfer,,EUR,"2,38",EUR,"639,58",
18-06-2024,12:46,17-06-2024,,,"Transferir a su Cuenta de Efectivo en flatexDEGIRO Bank: 2,38 EUR",,,,EUR,"637,20",
18-06-2024,12:46,17-06-2024,FLATEX EURO BANKACCOUNT,NLFLATEXACNT,Degiro Cash Sweep Transfer,,EUR,"-2,38",EUR,"634,82",
18-06-2024,09:20,18-06-2024,,,flatex Deposit,,EUR,"600,00",EUR,"637,20",
18-06-2024,07:34,17-06-2024,ALPHABET INC CLASS C,US02079K1079,Dividendo,,USD,"2,40",USD,"2,04",
18-06-2024,07:34,17-06-2024,ALPHABET INC CLASS C,US02079K1079,Retención del dividendo,,USD,"-0,36",USD,"-0,36",
18-06-2024,03:31,17-06-2024,FLATEX EURO BANKACCOUNT,NLFLATEXACNT,Degiro Cash Sweep Transfer,,EUR,"-2,38",EUR,"37,20",
18-06-2024,03:31,17-06-2024,,,"Transferir a su Cuenta de Efectivo en flatexDEGIRO Bank: 2,38 EUR",,,,EUR,"39,58",
15-06-2024,06:46,14-06-2024,,,Ingreso Cambio de Divisa,,EUR,"2,38",EUR,"37,20",
15-06-2024,06:46,14-06-2024,,,Retirada Cambio de Divisa,"1,0730",USD,"-2,55",USD,"0,00",
14-06-2024,07:27,13-06-2024,MICROSOFT CORP,US5949181045,Dividendo,,USD,"3,00",USD,"2,55",
14-06-2024,07:27,13-06-2024,MICROSOFT CORP,US5949181045,Retención del dividendo,,USD,"-0,45",USD,"-0,45",
12-06-2024,17:15,12-06-2024,,,"Transferir a su Cuenta de Efectivo en flatexDEGIRO Bank: 8,9 EUR",,,,EUR,"34,82",
12-06-2024,17:15,12-06-2024,FLATEX EURO BANKACCOUNT,NLFLATEXACNT,Degiro Cash Sweep Transfer,,EUR,"-8,90",EUR,"25,92",
12-06-2024,07:06,11-06-2024,,,Ingreso Cambio de Divisa,,EUR,"8,90",EUR,"34,82",
12-06-2024,07:06,11-06-2024,,,Retirada Cambio de Divisa,"1,0768",USD,"-9,58",USD,"0,00",
11-06-2024,07:34,10-06-2024,EXXON MOBIL CORP,US30231G1022,Retención del dividendo,,USD,"-0,71",USD,"9,58",
11-06-2024,07:34,10-06-2024,EXXON MOBIL CORP,US30231G1022,Dividendo,,USD,"4,75",USD,"10,29",
11-06-2024,07:26,10-06-2024,CHEVRON CORP,US1667641005,Dividendo,,USD,"6,52",USD,"5,54",
11-06-2024,07:26,10-06-2024,CHEVRON CORP,US1667641005,Retención del dividendo,,USD,"-0,98",USD,"-0,98",
06-06-2024,18:16,06-06-2024,,,"Transferir a su Cuenta de Efectivo en flatexDEGIRO Bank: 3,52 EUR",,,,EUR,"25,92",
06-06-2024,18:16,06-06-2024,FLATEX EURO BANKACCOUNT,NLFLATEXACNT,Degiro Cash Sweep Transfer,,EUR,"-3,52",EUR,"22,40",
05-06-2024,06:59,04-06-2024,,,Ingreso Cambio de Divisa,,EUR,"3,52",EUR,"25,92",
05-06-2024,06:59,04-06-2024,,,Retirada Cambio de Divisa,"1,0906",USD,"-3,84",USD,"0,00",
04-06-2024,16:45,04-06-2024,,,"Transferir a su Cuenta de Efectivo en flatexDEGIRO Bank: 4,43 EUR",,,,EUR,"22,40",
04-06-2024,16:45,04-06-2024,FLATEX EURO BANKACCOUNT,NLFLATEXACNT,Degiro Cash Sweep Transfer,,EUR,"-4,43",EUR,"17,97",
04-06-2024,07:35,03-06-2024,KROGER CO,US5010441013,Dividendo,,USD,"3,48",USD,"3,84",
04-06-2024,07:35,03-06-2024,KROGER CO,US5010441013,Retención del dividendo,,USD,"-0,52",USD,"0,36",
04-06-2024,07:13,03-06-2024,VISA INC CLASS A,US92826C8394,Retención del dividendo,,USD,"-0,16",USD,"0,88",
04-06-2024,07:13,03-06-2024,VISA INC CLASS A,US92826C8394,Dividendo,,USD,"1,04",USD,"1,04",
04-06-2024,06:53,03-06-2024,,,Ingreso Cambio de Divisa,,EUR,"4,43",EUR,"22,40",
04-06-2024,06:53,03-06-2024,,,Retirada Cambio de Divisa,"1,0931",USD,"-4,84",USD,"0,00",
03-06-2024,07:36,31-05-2024,STARBUCKS CORP,US8552441094,Retención del dividendo,,USD,"-0,86",USD,"4,84",
03-06-2024,07:36,31-05-2024,STARBUCKS CORP,US8552441094,Dividendo,,USD,"5,70",USD,"5,70",
22-05-2024,10:30,21-05-2024,,,"Transferir desde su Cuenta de Efectivo en flatexDEGIRO Bank: 1.028,79 EUR",,,,EUR,"17,97",
22-05-2024,10:30,21-05-2024,FLATEX EURO BANKACCOUNT,NLFLATEXACNT,Degiro Cash Sweep Transfer,,EUR,"1028,79",EUR,"1046,76",
21-05-2024,15:30,21-05-2024,VISA INC CLASS A,US92826C8394,Ingreso Cambio de Divisa,"1,0830",USD,"1112,00",USD,"0,00",52be6721-7d3c-46a0-b84d-3344eabc5074
21-05-2024,15:30,21-05-2024,VISA INC CLASS A,US92826C8394,Retirada Cambio de Divisa,,EUR,"-1026,79",EUR,"17,97",52be6721-7d3c-46a0-b84d-3344eabc5074
21-05-2024,15:30,21-05-2024,VISA INC CLASS A,US92826C8394,Costes de transacción y/o externos de DEGIRO,,EUR,"-2,00",EUR,"1044,76",52be6721-7d3c-46a0-b84d-3344eabc5074
21-05-2024,15:30,21-05-2024,VISA INC CLASS A,US92826C8394,Compra 4 Visa Inc Class A@278 USD (US92826C8394),,USD,"-1112,00",USD,"-1112,00",52be6721-7d3c-46a0-b84d-3344eabc5074
21-05-2024,09:10,21-05-2024,,,flatex Deposit,,EUR,"1000,00",EUR,"1046,76",
20-05-2024,17:16,20-05-2024,,,"Transferir a su Cuenta de Efectivo en flatexDEGIRO Bank: 2,15 EUR",,,,EUR,"46,76",
20-05-2024,17:16,20-05-2024,FLATEX EURO BANKACCOUNT,NLFLATEXACNT,Degiro Cash Sweep Transfer,,EUR,"-2,15",EUR,"44,61",
18-05-2024,07:29,17-05-2024,,,Ingreso Cambio de Divisa,,EUR,"2,15",EUR,"46,76",
18-05-2024,07:29,17-05-2024,,,Retirada Cambio de Divisa,"1,0897",USD,"-2,34",USD,"0,00",
17-05-2024,07:40,16-05-2024,APPLE INC,US0378331005,Retención del dividendo,,USD,"-0,41",USD,"2,34",
17-05-2024,07:40,16-05-2024,APPLE INC,US0378331005,Dividendo,,USD,"2,75",USD,"2,75",
07-05-2024,21:45,07-05-2024,,,"Transferir a su Cuenta de Efectivo en flatexDEGIRO Bank: 5,78 EUR",,,,EUR,"44,61",
07-05-2024,21:45,07-05-2024,FLATEX EURO BANKACCOUNT,NLFLATEXACNT,Degiro Cash Sweep Transfer,,EUR,"-5,78",EUR,"38,83",
07-05-2024,14:09,02-05-2024,BANCO SANTANDER SA,ES0113900J37,Dividendo,,EUR,"7,13",EUR,"44,61",
07-05-2024,14:09,02-05-2024,BANCO SANTANDER SA,ES0113900J37,Retención del dividendo,,EUR,"-1,35",EUR,"37,48",
23-04-2024,11:45,22-04-2024,,,"Transferir desde su Cuenta de Efectivo en flatexDEGIRO Bank: 668,87 EUR",,,,EUR,"38,83",
23-04-2024,11:45,22-04-2024,FLATEX EURO BANKACCOUNT,NLFLATEXACNT,Degiro Cash Sweep Transfer,,EUR,"668,87",EUR,"707,70",
22-04-2024,16:07,22-04-2024,AMAZON.COM INC,US0231351067,Ingreso Cambio de Divisa,"1,0610",USD,"707,58",USD,"0,00",63303698-d131-4c53-9c00-5c7b4a248875
22-04-2024,16:07,22-04-2024,AMAZON.COM INC,US0231351067,Retirada Cambio de Divisa,,EUR,"-666,87",EUR,"38,83",63303698-d131-4c53-9c00-5c7b4a248875
22-04-2024,16:07,22-04-2024,AMAZON.COM INC,US0231351067,Costes de transacción y/o externos de DEGIRO,,EUR,"-2,00",EUR,"705,70",63303698-d131-4c53-9c00-5c7b4a248875
22-04-2024,16:07,22-04-2024,AMAZON.COM INC,US0231351067,"Compra 4 Amazon.com Inc@176,895 USD (US0231351067)",,USD,"-707,58",USD,"-707,58",63303698-d131-4c53-9c00-5c7b4a248875
22-04-2024,09:10,22-04-2024,,,flatex Deposit,,EUR,"500,00",EUR,"707,70",
11-04-2024,17:45,11-04-2024,,,"Transferir a su Cuenta de Efectivo en flatexDEGIRO Bank: 18,95 EUR",,,,EUR,"207,70",
11-04-2024,17:45,11-04-2024,FLATEX EURO BANKACCOUNT,NLFLATEXACNT,Degiro Cash Sweep Transfer,,EUR,"-18,95",EUR,"188,75",
11-04-2024,07:42,10-04-2024,BANCO BILBAO VIZCAYA ARGENTARIA SA,ES0113211835,Retención del dividendo,,EUR,"-4,45",EUR,"207,70",
11-04-2024,07:42,10-04-2024,BANCO BILBAO VIZCAYA ARGENTARIA SA,ES0113211835,Dividendo,,EUR,"23,40",EUR,"212,15",
07-04-2024,05:10,31-03-2024,,,Flatex Interest Income,,EUR,"0,00",EUR,"188,75",
05-04-2024,18:15,05-04-2024,,,"Transferir a su Cuenta de Efectivo en flatexDEGIRO Bank: 34,92 EUR",,,,EUR,"188,75",
05-04-2024,18:15,05-04-2024,FLATEX EURO BANKACCOUNT,NLFLATEXACNT,Degiro Cash Sweep Transfer,,EUR,"-34,92",EUR,"153,83",
05-04-2024,05:53,03-04-2024,CAIXABANK SA,ES0140609019,Dividendo,,EUR,"43,11",EUR,"188,75",
05-04-2024,05:53,03-04-2024,CAIXABANK SA,ES0140609019,Retención del dividendo,,EUR,"-8,19",EUR,"145,64",
04-04-2024,23:02,03-04-2024,,,"Transferir a su Cuenta de Efectivo en flatexDEGIRO Bank: 18,05 EUR",,,,EUR,"153,83",
04-04-2024,23:02,03-04-2024,FLATEX EURO BANKACCOUNT,NLFLATEXACNT,Degiro Cash Sweep Transfer,,EUR,"-18,05",EUR,"135,78",
03-04-2024,21:15,02-04-2024,,,"Transferir desde su Cuenta de Efectivo en flatexDEGIRO Bank: 514,6 EUR",,,,EUR,"153,83",
03-04-2024,21:15,02-04-2024,FLATEX EURO BANKACCOUNT,NLFLATEXACNT,Degiro Cash Sweep Transfer,,EUR,"514,60",EUR,"668,43",
03-04-2024,07:25,02-04-2024,,,Ingreso Cambio de Divisa,,EUR,"18,05",EUR,"153,83",
03-04-2024,07:25,02-04-2024,,,Retirada Cambio de Divisa,"1,0797",USD,"-19,49",USD,"0,00",
02-04-2024,08:08,01-04-2024,COCA-COLA CO,US1912161007,Retención del dividendo,,USD,"-1,82",USD,"19,49",
02-04-2024,08:08,01-04-2024,COCA-COLA CO,US1912161007,Dividendo,,USD,"12,13",USD,"21,31",
02-04-2024,07:46,01-04-2024,KRAFT HEINZ CO,US5007541064,Retención del dividendo,,USD,"-1,62",USD,"9,18",
02-04-2024,07:46,01-04-2024,KRAFT HEINZ CO,US5007541064,Dividendo,,USD,"10,80",USD,"10,80",
29-03-2024,07:51,28-03-2024,,,Ingreso Cambio de Divisa,,EUR,"5,00",EUR,"135,78",
29-03-2024,07:51,28-03-2024,,,Retirada Cambio de Divisa,"1,0816",USD,"-5,41",USD,"0,00",
28-03-2024,19:15,28-03-2024,,,"Transferir a su Cuenta de Efectivo en flatexDEGIRO Bank: 3,74 EUR",,,,EUR,"130,78",
28-03-2024,19:15,28-03-2024,FLATEX EURO BANKACCOUNT,NLFLATEXACNT,Degiro Cash Sweep Transfer,,EUR,"-3,74",EUR,"127,04",
28-03-2024,17:47,28-03-2024,VISA INC CLASS A,US92826C8394,Ingreso Cambio de Divisa,"1,0777",USD,"557,82",USD,"5,41",c5e4b865-87e0-4ac7-9442-c25e47bb3cab
28-03-2024,17:47,28-03-2024,VISA INC CLASS A,US92826C8394,Retirada Cambio de Divisa,,EUR,"-517,60",EUR,"130,78",c5e4b865-87e0-4ac7-9442-c25e47bb3cab
28-03-2024,17:47,28-03-2024,VISA INC CLASS A,US92826C8394,Costes de transacción y/o externos de DEGIRO,,EUR,"-2,00",EUR,"648,38",c5e4b865-87e0-4ac7-9442-c25e47bb3cab
28-03-2024,17:47,28-03-2024,VISA INC CLASS A,US92826C8394,"Compra 2 Visa Inc Class A@278,91 USD (US92826C8394)",,USD,"-557,82",USD,"-552,41",c5e4b865-87e0-4ac7-9442-c25e47bb3cab
28-03-2024,09:10,28-03-2024,,,flatex Deposit,,EUR,"600,00",EUR,"650,38",
28-03-2024,08:34,27-03-2024,VANGUARD FTSE ALL-WORLD UCITS ETF,IE00B3RBWM25,Dividendo,,USD,"2,69",USD,"5,41",
28-03-2024,08:19,27-03-2024,VANGUARD S&P 500 UCITS ETF USD DIS,IE00B3XXRP09,Dividendo,,USD,"2,72",USD,"2,72",
28-03-2024,07:25,27-03-2024,,,Ingreso Cambio de Divisa,,EUR,"3,74",EUR,"50,38",
28-03-2024,07:25,27-03-2024,,,Retirada Cambio de Divisa,"1,0854",USD,"-4,06",USD,"0,00",
27-03-2024,09:09,26-03-2024,STST SPDR S&P U.S. DIV ARISTOCRATS,IE00B6YX5D40,Dividendo,,USD,"4,06",USD,"4,06",
18-03-2024,18:15,18-03-2024,,,"Transferir a su Cuenta de Efectivo en flatexDEGIRO Bank: 2,34 EUR",,,,EUR,"46,64",
18-03-2024,18:15,18-03-2024,FLATEX EURO BANKACCOUNT,NLFLATEXACNT,Degiro Cash Sweep Transfer,,EUR,"-2,34",EUR,"44,30",
16-03-2024,06:41,15-03-2024,,,Ingreso Cambio de Divisa,,EUR,"2,34",EUR,"46,64",
16-03-2024,06:41,15-03-2024,,,Retirada Cambio de Divisa,"1,0916",USD,"-2,55",USD,"0,00",
15-03-2024,06:47,14-03-2024,MICROSOFT CORP,US5949181045,Retención del dividendo,,USD,"-0,45",USD,"2,55",
15-03-2024,06:47,14-03-2024,MICROSOFT CORP,US5949181045,Dividendo,,USD,"3,00",USD,"3,00",
13-03-2024,18:45,13-03-2024,,,"Transferir a su Cuenta de Efectivo en flatexDEGIRO Bank: 8,75 EUR",,,,EUR,"44,30",
13-03-2024,18:45,13-03-2024,FLATEX EURO BANKACCOUNT,NLFLATEXACNT,Degiro Cash Sweep Transfer,,EUR,"-8,75",EUR,"35,55",
13-03-2024,07:06,12-03-2024,,,Ingreso Cambio de Divisa,,EUR,"8,75",EUR,"44,30",
13-03-2024,07:06,12-03-2024,,,Retirada Cambio de Divisa,"1,0954",USD,"-9,58",USD,"0,00",
12-03-2024,08:09,11-03-2024,CHEVRON CORP,US1667641005,Retención del dividendo,,USD,"-0,98",USD,"9,58",
12-03-2024,08:09,11-03-2024,CHEVRON CORP,US1667641005,Dividendo,,USD,"6,52",USD,"10,56",
12-03-2024,07:23,11-03-2024,EXXON MOBIL CORP,US30231G1022,Dividendo,,USD,"4,75",USD,"4,04",
12-03-2024,07:23,11-03-2024,EXXON MOBIL CORP,US30231G1022,Retención del dividendo,,USD,"-0,71",USD,"-0,71",
06-03-2024,11:15,05-03-2024,,,"Transferir desde su Cuenta de Efectivo en flatexDEGIRO Bank: 614,73 EUR",,,,EUR,"35,55",
06-03-2024,11:15,05-03-2024,FLATEX EURO BANKACCOUNT,NLFLATEXACNT,Degiro Cash Sweep Transfer,,EUR,"614,73",EUR,"650,28",
05-03-2024,15:30,05-03-2024,ALPHABET INC CLASS C,US02079K1079,Ingreso Cambio de Divisa,"1,0823",USD,"663,15",USD,"0,00",930b0a60-25ee-4d3f-9f6c-1d5de1cdc0e4
05-03-2024,15:30,05-03-2024,ALPHABET INC CLASS C,US02079K1079,Retirada Cambio de Divisa,,EUR,"-612,73",EUR,"35,55",930b0a60-25ee-4d3f-9f6c-1d5de1cdc0e4
05-03-2024,15:30,05-03-2024,ALPHABET INC CLASS C,US02079K1079,Costes de transacción y/o externos de DEGIRO,,EUR,"-2,00",EUR,"648,28",930b0a60-25ee-4d3f-9f6c-1d5de1cdc0e4
05-03-2024,15:30,05-03-2024,ALPHABET INC CLASS C,US02079K1079,"Compra 5 Alphabet Inc Class C@132,63 USD (US02079K1079)",,USD,"-663,15",USD,"-663,15",930b0a60-25ee-4d3f-9f6c-1d5de1cdc0e4
04-03-2024,20:02,04-03-2024,,,"Transferir a su Cuenta de Efectivo en flatexDEGIRO Bank: 2,72 EUR",,,,EUR,"650,28",
04-03-2024,20:02,04-03-2024,FLATEX EURO BANKACCOUNT,NLFLATEXACNT,Degiro Cash Sweep Transfer,,EUR,"-2,72",EUR,"647,56",
04-03-2024,11:41,04-03-2024,,,flatex Deposit,,EUR,"600,00",EUR,"650,28",
03-03-2024,07:46,01-03-2024,,,Ingreso Cambio de Divisa,,EUR,"2,72",EUR,"50,28",
03-03-2024,07:46,01-03-2024,,,Retirada Cambio de Divisa,"1,0865",USD,"-2,96",USD,"0,00",
03-03-2024,00:14,01-03-2024,KROGER CO,US5010441013,Dividendo,,USD,"3,48",USD,"2,96",
03-03-2024,00:14,01-03-2024,KROGER CO,US5010441013,Retención del dividendo,,USD,"-0,52",USD,"-0,52",
27-02-2024,21:45,27-02-2024,,,"Transferir a su Cuenta de Efectivo en flatexDEGIRO Bank: 4,45 EUR",,,,EUR,"47,56",
27-02-2024,21:45,27-02-2024,FLATEX EURO BANKACCOUNT,NLFLATEXACNT,Degiro Cash Sweep Transfer,,EUR,"-4,45",EUR,"43,11",
27-02-2024,07:12,26-02-2024,,,Ingreso Cambio de Divisa,,EUR,"4,45",EUR,"47,56",
27-02-2024,07:12,26-02-2024,,,Retirada Cambio de Divisa,"1,0878",USD,"-4,84",USD,"0,00",
26-02-2024,07:10,23-02-2024,STARBUCKS CORP,US8552441094,Dividendo,,USD,"5,70",USD,"4,84",
26-02-2024,07:10,23-02-2024,STARBUCKS CORP,US8552441094,Retención del dividendo,,USD,"-0,86",USD,"-0,86",
19-02-2024,17:45,19-02-2024,,,"Transferir a su Cuenta de Efectivo en flatexDEGIRO Bank: 1,51 EUR",,,,EUR,"43,11",
19-02-2024,17:45,19-02-2024,FLATEX EURO BANKACCOUNT,NLFLATEXACNT,Degiro Cash Sweep Transfer,,EUR,"-1,51",EUR,"41,60",
17-02-2024,07:56,16-02-2024,,,Ingreso Cambio de Divisa,,EUR,"1,51",EUR,"43,11",
17-02-2024,07:56,16-02-2024,,,Retirada Cambio de Divisa,"1,0804",USD,"-1,63",USD,"0,00",
16-02-2024,07:32,15-02-2024,APPLE INC,US0378331005,Dividendo,,USD,"1,92",USD,"1,63",
16-02-2024,07:32,15-02-2024,APPLE INC,US0378331005,Retención del dividendo,,USD,"-0,29",USD,"-0,29",
12-02-2024,10:45,09-02-2024,,,"Transferir desde su Cuenta de Efectivo en flatexDEGIRO Bank: 941,54 EUR",,,,EUR,"41,60",
12-02-2024,10:45,09-02-2024,FLATEX EURO BANKACCOUNT,NLFLATEXACNT,Degiro Cash Sweep Transfer,,EUR,"941,54",EUR,"983,14",
09-02-2024,15:31,09-02-2024,ALPHABET INC CLASS C,US02079K1079,Ingreso Cambio de Divisa,"1,0752",USD,"442,50",USD,"0,00",628d7420-c5df-4ba0-b078-46ddc621af55
09-02-2024,15:31,09-02-2024,ALPHABET INC CLASS C,US02079K1079,Retirada Cambio de Divisa,,EUR,"-411,55",EUR,"41,60",628d7420-c5df-4ba0-b078-46ddc621af55
09-02-2024,15:31,09-02-2024,ALPHABET INC CLASS C,US02079K1079,Costes de transacción y/o externos de DEGIRO,,EUR,"-2,00",EUR,"453,15",628d7420-c5df-4ba0-b078-46ddc621af55
09-02-2024,15:31,09-02-2024,ALPHABET INC CLASS C,US02079K1079,"Compra 3 Alphabet Inc Class C@147,5 USD (US02079K1079)",,USD,"-442,50",USD,"-442,50",628d7420-c5df-4ba0-b078-46ddc621af55
09-02-2024,15:31,09-02-2024,APPLE INC,US0378331005,Ingreso Cambio de Divisa,"1,0751",USD,"565,50",USD,"0,00",b5fbb9ab-106f-41df-9105-4c74e22ea48e
09-02-2024,15:31,09-02-2024,APPLE INC,US0378331005,Retirada Cambio de Divisa,,EUR,"-525,99",EUR,"455,15",b5fbb9ab-106f-41df-9105-4c74e22ea48e
09-02-2024,15:31,09-02-2024,APPLE INC,US0378331005,Costes de transacción y/o externos de DEGIRO,,EUR,"-2,00",EUR,"981,14",b5fbb9ab-106f-41df-9105-4c74e22ea48e
09-02-2024,15:31,09-02-2024,APPLE INC,US0378331005,"Compra 3 Apple Inc@188,5 USD (US0378331005)",,USD,"-565,50",USD,"-565,50",b5fbb9ab-106f-41df-9105-4c74e22ea48e
08-02-2024,11:00,08-02-2024,,,flatex Deposit,,EUR,"900,00",EUR,"983,14",
05-02-2024,22:46,05-02-2024,,,"Transferir desde su Cuenta de Efectivo en flatexDEGIRO Bank: 12,5 EUR",,,,EUR,"83,14",
05-02-2024,22:46,05-02-2024,FLATEX EURO BANKACCOUNT,NLFLATEXACNT,Degiro Cash Sweep Transfer,,EUR,"12,50",EUR,"95,64",
05-02-2024,07:18,31-01-2024,,,Comisión de conectividad con el mercado 2024 (New York Stock Exchange - NSY),,EUR,"-2,50",EUR,"83,14",
05-02-2024,07:18,31-01-2024,,,Comisión de conectividad con el mercado 2024 (Nasdaq - NDQ),,EUR,"-2,50",EUR,"85,64",
05-02-2024,07:18,31-01-2024,,,Comisión de conectividad con el mercado 2024 (Euronext Amsterdam - EAM),,EUR,"-2,50",EUR,"88,14",
05-02-2024,07:18,31-01-2024,,,Comisión de conectividad con el mercado 2024 (Tradegate AG - TDG),,EUR,"-2,50",EUR,"90,64",
05-02-2024,07:18,31-01-2024,,,Comisión de conectividad con el mercado 2024 (Xetra - XET),,EUR,"-2,50",EUR,"93,14",
30-01-2024,10:45,29-01-2024,,,"Transferir desde su Cuenta de Efectivo en flatexDEGIRO Bank: 1.037,39 EUR",,,,EUR,"95,64",
30-01-2024,10:45,29-01-2024,FLATEX EURO BANKACCOUNT,NLFLATEXACNT,Degiro Cash Sweep Transfer,,EUR,"1037,39",EUR,"1133,03",
29-01-2024,15:31,29-01-2024,STARBUCKS CORP,US8552441094,Ingreso Cambio de Divisa,"1,0782",USD,"557,40",USD,"0,00",67326bfb-532f-4f8d-b016-349b80f44ada
29-01-2024,15:31,29-01-2024,STARBUCKS CORP,US8552441094,Retirada Cambio de Divisa,,EUR,"-516,97",EUR,"95,64",67326bfb-532f-4f8d-b016-349b80f44ada
29-01-2024,15:31,29-01-2024,STARBUCKS CORP,US8552441094,Costes de transacción y/o externos de DEGIRO,,EUR,"-2,00",EUR,"612,61",67326bfb-532f-4f8d-b016-349b80f44ada
29-01-2024,15:31,29-01-2024,STARBUCKS CORP,US8552441094,"Compra 6 Starbucks Corp@92,9 USD (US8552441094)",,USD,"-557,40",USD,"-557,40",67326bfb-532f-4f8d-b016-349b80f44ada
29-01-2024,15:30,29-01-2024,KROGER CO,US5010441013,Ingreso Cambio de Divisa,"1,0782",USD,"556,80",USD,"0,00",ce08bc61-a560-4cad-87af-84a53be9f716
29-01-2024,15:30,29-01-2024,KROGER CO,US5010441013,Retirada Cambio de Divisa,,EUR,"-516,42",EUR,"614,61",ce08bc61-a560-4cad-87af-84a53be9f716
29-01-2024,15:30,29-01-2024,KROGER CO,US5010441013,Costes de transacción y/o externos de DEGIRO,,EUR,"-2,00",EUR,"1131,03",ce08bc61-a560-4cad-87af-84a53be9f716
29-01-2024,15:30,29-01-2024,KROGER CO,US5010441013,"Compra 12 Kroger Co@46,4 USD (US5010441013)",,USD,"-556,80",USD,"-556,80",ce08bc61-a560-4cad-87af-84a53be9f716
29-01-2024,10:30,26-01-2024,,,"Transferir a su Cuenta de Efectivo en flatexDEGIRO Bank: 1.048,48 EUR",,,,EUR,"1133,03",
29-01-2024,10:30,26-01-2024,FLATEX EURO BANKACCOUNT,NLFLATEXACNT,Degiro Cash Sweep Transfer,,EUR,"-1048,48",EUR,"84,55",
26-01-2024,16:32,26-01-2024,WALT DISNEY CO,US2546871060,Retirada Cambio de Divisa,"1,0887",USD,"-381,20",USD,"0,00",a11bea84-e1cf-48d6-9e52-582248cf62a1
26-01-2024,16:32,26-01-2024,WALT DISNEY CO,US2546871060,Ingreso Cambio de Divisa,,EUR,"350,14",EUR,"1133,03",a11bea84-e1cf-48d6-9e52-582248cf62a1
26-01-2024,16:32,26-01-2024,WALT DISNEY CO,US2546871060,"Venta 4 Walt Disney Co@95,3 USD (US2546871060)",,USD,"381,20",USD,"381,20",a11bea84-e1cf-48d6-9e52-582248cf62a1
26-01-2024,16:32,26-01-2024,WALT DISNEY CO,US2546871060,Retirada Cambio de Divisa,"1,0886",USD,"-762,40",USD,"0,00",a11bea84-e1cf-48d6-9e52-582248cf62a1
26-01-2024,16:32,26-01-2024,WALT DISNEY CO,US2546871060,Ingreso Cambio de Divisa,,EUR,"700,34",EUR,"782,89",a11bea84-e1cf-48d6-9e52-582248cf62a1
26-01-2024,16:32,26-01-2024,WALT DISNEY CO,US2546871060,Costes de transacción y/o externos de DEGIRO,,EUR,"-2,00",EUR,"82,55",a11bea84-e1cf-48d6-9e52-582248cf62a1
26-01-2024,16:32,26-01-2024,WALT DISNEY CO,US2546871060,"Venta 8 Walt Disney Co@95,3 USD (US2546871060)",,USD,"762,40",USD,"762,40",a11bea84-e1cf-48d6-9e52-582248cf62a1
17-01-2024,10:45,16-01-2024,,,"Transferir desde su Cuenta de Efectivo en flatexDEGIRO Bank: 342,73 EUR",,,,EUR,"84,55",
17-01-2024,10:45,16-01-2024,FLATEX EURO BANKACCOUNT,NLFLATEXACNT,Degiro Cash Sweep Transfer,,EUR,"342,73",EUR,"427,28",
16-01-2024,15:32,16-01-2024,STARBUCKS CORP,US8552441094,Ingreso Cambio de Divisa,"1,0851",USD,"369,72",USD,"0,00",78aafcac-aa35-435b-8b05-18d257152c5b
16-01-2024,15:32,16-01-2024,STARBUCKS CORP,US8552441094,Retirada Cambio de Divisa,,EUR,"-340,73",EUR,"84,55",78aafcac-aa35-435b-8b05-18d257152c5b
16-01-2024,15:32,16-01-2024,STARBUCKS CORP,US8552441094,Costes de transacción y/o externos de DEGIRO,,EUR,"-2,00",EUR,"425,28",78aafcac-aa35-435b-8b05-18d257152c5b
16-01-2024,15:32,16-01-2024,STARBUCKS CORP,US8552441094,"Compra 4 Starbucks Corp@92,43 USD (US8552441094)",,USD,"-369,72",USD,"-369,72",78aafcac-aa35-435b-8b05-18d257152c5b
16-01-2024,11:30,16-01-2024,,,flatex Deposit,,EUR,"400,00",EUR,"427,28",
12-01-2024,16:47,12-01-2024,,,"Transferir a su Cuenta de Efectivo en flatexDEGIRO Bank: 2,78 EUR",,,,EUR,"27,28",
12-01-2024,16:47,12-01-2024,FLATEX EURO BANKACCOUNT,NLFLATEXACNT,Degiro Cash Sweep Transfer,,EUR,"-2,78",EUR,"24,50",
12-01-2024,07:57,11-01-2024,,,Ingreso Cambio de Divisa,,EUR,"2,78",EUR,"27,28",
12-01-2024,07:57,11-01-2024,,,Retirada Cambio de Divisa,"1,1000",USD,"-3,06",USD,"0,00",
11-01-2024,07:33,10-01-2024,WALT DISNEY CO,US2546871060,Dividendo,,USD,"3,60",USD,"3,06",
11-01-2024,07:33,10-01-2024,WALT DISNEY CO,US2546871060,Retención del dividendo,,USD,"-0,54",USD,"-0,54",
05-01-2024,10:02,04-01-2024,,,"Transferir desde su Cuenta de Efectivo en flatexDEGIRO Bank: 1.040,54 EUR",,,,EUR,"24,50",
05-01-2024,10:02,04-01-2024,FLATEX EURO BANKACCOUNT,NLFLATEXACNT,Degiro Cash Sweep Transfer,,EUR,"1040,54",EUR,"1065,04",
04-01-2024,15:59,04-01-2024,EXXON MOBIL CORP,US30231G1022,Ingreso Cambio de Divisa,"1,0918",USD,"519,25",USD,"0,00",49e73f2a-9b1b-4db8-beac-058d08e4b9c1
04-01-2024,15:59,04-01-2024,EXXON MOBIL CORP,US30231G1022,Retirada Cambio de Divisa,,EUR,"-475,61",EUR,"24,50",49e73f2a-9b1b-4db8-beac-058d08e4b9c1
04-01-2024,15:59,04-01-2024,EXXON MOBIL CORP,US30231G1022,Costes de transacción y/o externos de DEGIRO,,EUR,"-2,00",EUR,"500,11",49e73f2a-9b1b-4db8-beac-058d08e4b9c1
04-01-2024,15:59,04-01-2024,EXXON MOBIL CORP,US30231G1022,"Compra 5 Exxon Mobil Corp@103,85 USD (US30231G1022)",,USD,"-519,25",USD,"-519,25",49e73f2a-9b1b-4db8-beac-058d08e4b9c1
04-01-2024,15:56,04-01-2024,CHEVRON CORP,US1667641005,Ingreso Cambio de Divisa,"1,0918",USD,"459,30",USD,"0,00",2252e269-915b-4075-9269-b1ff1c42e3fc
04-01-2024,15:56,04-01-2024,CHEVRON CORP,US1667641005,Retirada Cambio de Divisa,,EUR,"-420,70",EUR,"502,11",2252e269-915b-4075-9269-b1ff1c42e3fc
04-01-2024,15:56,04-01-2024,CHEVRON CORP,US1667641005,"Compra 3 Chevron Corp@153,1 USD (US1667641005)",,USD,"-459,30",USD,"-459,30",2252e269-915b-4075-9269-b1ff1c42e3fc
04-01-2024,15:56,04-01-2024,CHEVRON CORP,US1667641005,Ingreso Cambio de Divisa,"1,0918",USD,"153,10",USD,"0,00",2252e269-915b-4075-9269-b1ff1c42e3fc
04-01-2024,15:56,04-01-2024,CHEVRON CORP,US1667641005,Retirada Cambio de Divisa,,EUR,"-140,23",EUR,"922,81",2252e269-915b-4075-9269-b1ff1c42e3fc
04-01-2024,15:56,04-01-2024,CHEVRON CORP,US1667641005,Costes de transacción y/o externos de DEGIRO,,EUR,"-2,00",EUR,"1063,04",2252e269-915b-4075-9269-b1ff1c42e3fc
04-01-2024,15:56,04-01-2024,CHEVRON CORP,US1667641005,"Compra 1 Chevron Corp@153,1 USD (US1667641005)",,USD,"-153,10",USD,"-153,10",2252e269-915b-4075-9269-b1ff1c42e3fc
04-01-2024,06:30,02-01-2024,,,Flatex Interest Income,,EUR,"0,00",EUR,"1065,04",
03-01-2024,19:49,03-01-2024,,,"Transferir a su Cuenta de Efectivo en flatexDEGIRO Bank: 0,6 EUR",,,,EUR,"1065,04",
03-01-2024,19:49,03-01-2024,FLATEX EURO BANKACCOUNT,NLFLATEXACNT,Degiro Cash Sweep Transfer,,EUR,"-0,60",EUR,"1064,44",
03-01-2024,11:30,03-01-2024,,,flatex Deposit,,EUR,"1033,00",EUR,"1065,04",
03-01-2024,08:24,02-01-2024,,,Ingreso Cambio de Divisa,,EUR,"3,10",EUR,"32,04",
03-01-2024,08:24,02-01-2024,,,Retirada Cambio de Divisa,"1,0969",USD,"-3,40",USD,"0,00",
02-01-2024,08:20,31-12-2023,,,Comisión de conectividad con el mercado 2023 (Tradegate AG - TDG),,EUR,"-2,50",EUR,"28,94",
02-01-2024,07:43,29-12-2023,KRAFT HEINZ CO,US5007541064,Retención del dividendo,,USD,"-0,60",USD,"3,40",
02-01-2024,07:43,29-12-2023,KRAFT HEINZ CO,US5007541064,Dividendo,,USD,"4,00",USD,"4,00",
19-12-2023,19:17,19-12-2023,,,"Transferir a su Cuenta de Efectivo en flatexDEGIRO Bank: 13,17 EUR",,,,EUR,"31,44",
19-12-2023,19:17,19-12-2023,FLATEX EURO BANKACCOUNT,NLFLATEXACNT,Degiro Cash Sweep Transfer,,EUR,"-13,17",EUR,"18,27",
19-12-2023,14:47,18-12-2023,,,"Transferir desde su Cuenta de Efectivo en flatexDEGIRO Bank: 938,15 EUR",,,,EUR,"31,44",
19-12-2023,14:47,18-12-2023,FLATEX EURO BANKACCOUNT,NLFLATEXACNT,Degiro Cash Sweep Transfer,,EUR,"938,15",EUR,"969,59",
19-12-2023,08:31,14-12-2023,TELEFONICA SA,ES0178430E18,Retención del dividendo,,EUR,"-1,00",EUR,"31,44",
19-12-2023,08:31,14-12-2023,TELEFONICA SA,ES0178430E18,Dividendo,,EUR,"5,25",EUR,"32,44",
19-12-2023,07:12,18-12-2023,,,Ingreso Cambio de Divisa,,EUR,"8,92",EUR,"27,19",
19-12-2023,07:12,18-12-2023,,,Retirada Cambio de Divisa,"1,0950",USD,"-9,77",USD,"0,00",
18-12-2023,20:17,18-12-2023,,,"Transferir desde su Cuenta de Efectivo en flatexDEGIRO Bank: 866,38 EUR",,,,EUR,"18,27",
18-12-2023,20:17,18-12-2023,FLATEX EURO BANKACCOUNT,NLFLATEXACNT,Degiro Cash Sweep Transfer,,EUR,"866,38",EUR,"884,65",
18-12-2023,17:53,18-12-2023,KRAFT HEINZ CO,US5007541064,Ingreso Cambio de Divisa,"1,0894",USD,"625,77",USD,"9,77",03aa502d-86b8-42c4-96b4-898cdbd84777
18-12-2023,17:53,18-12-2023,KRAFT HEINZ CO,US5007541064,Retirada Cambio de Divisa,,EUR,"-574,43",EUR,"18,27",03aa502d-86b8-42c4-96b4-898cdbd84777
18-12-2023,17:53,18-12-2023,KRAFT HEINZ CO,US5007541064,Costes de transacción y/o externos de DEGIRO,,EUR,"-2,00",EUR,"592,70",03aa502d-86b8-42c4-96b4-898cdbd84777
18-12-2023,17:53,18-12-2023,KRAFT HEINZ CO,US5007541064,"Compra 17 Kraft Heinz Co@36,81 USD (US5007541064)",,USD,"-625,77",USD,"-616,00",03aa502d-86b8-42c4-96b4-898cdbd84777
18-12-2023,17:01,18-12-2023,TELEFONICA SA,ES0178430E18,Spanish Transaction Tax,,EUR,"-0,72",EUR,"594,70",1f0da6cf-7fa8-48b5-87fc-e7ad6a4293ea
18-12-2023,17:01,18-12-2023,TELEFONICA SA,ES0178430E18,Costes de transacción y/o externos de DEGIRO,,EUR,"-2,00",EUR,"595,42",1f0da6cf-7fa8-48b5-87fc-e7ad6a4293ea
18-12-2023,17:01,18-12-2023,TELEFONICA SA,ES0178430E18,"Compra 100 Telefonica SA@3,59 EUR (ES0178430E18)",,EUR,"-359,00",EUR,"597,42",1f0da6cf-7fa8-48b5-87fc-e7ad6a4293ea
18-12-2023,09:04,18-12-2023,VANGUARD FTSE ALL-WORLD UCITS ETF,IE00B3RBWM25,Costes de transacción y/o externos de DEGIRO,,EUR,"-3,00",EUR,"956,42",204e1424-6bf7-40b2-8ae3-a82fcec92107
18-12-2023,09:04,18-12-2023,VANGUARD FTSE ALL-WORLD UCITS ETF,IE00B3RBWM25,"Compra 7 Vanguard FTSE All-World UCITS ETF USD Dis@107,32 EUR (IE00B3RBWM25)",,EUR,"-751,24",EUR,"959,42",204e1424-6bf7-40b2-8ae3-a82fcec92107
18-12-2023,09:04,18-12-2023,STST SPDR S&P U.S. DIV ARISTOCRATS,IE00B6YX5D40,Costes de transacción y/o externos de DEGIRO,,EUR,"-1,00",EUR,"1710,66",b5588976-aaaa-4bc3-91bc-2f0f0bace3af
18-12-2023,09:04,18-12-2023,STST SPDR S&P U.S. DIV ARISTOCRATS,IE00B6YX5D40,"Compra 12 StSt SPDR S&P U.S. Div Aristocrats UCITS ETF Dist@62,64 EUR (IE00B6YX5D40)",,EUR,"-751,68",EUR,"1711,66",b5588976-aaaa-4bc3-91bc-2f0f0bace3af
18-12-2023,08:00,18-12-2023,VANGUARD S&P 500 UCITS ETF USD DIS,IE00B3XXRP09,Costes de transacción y/o externos de DEGIRO,,EUR,"-1,00",EUR,"2463,34",21349686-5ba5-425d-b3d3-c764650c491b
18-12-2023,08:00,18-12-2023,VANGUARD S&P 500 UCITS ETF USD DIS,IE00B3XXRP09,"Compra 9 Vanguard S&P 500 UCITS ETF USD Dis@81,974 EUR (IE00B3XXRP09)",,EUR,"-737,77",EUR,"2464,34",21349686-5ba5-425d-b3d3-c764650c491b
18-12-2023,06:31,15-12-2023,COCA-COLA CO,US1912161007,Dividendo,,USD,"11,50",USD,"9,77",
18-12-2023,06:31,15-12-2023,COCA-COLA CO,US1912161007,Retención del dividendo,,USD,"-1,73",USD,"-1,73",
17-12-2023,08:03,15-12-2023,,,Ingreso Cambio de Divisa,,EUR,"2,31",EUR,"3202,11",
17-12-2023,08:03,15-12-2023,,,Retirada Cambio de Divisa,"1,1021",USD,"-2,55",USD,"0,00",
15-12-2023,16:54,15-12-2023,VNGRD FTSE ALL-WLD HGH DIV YLD UCITS,IE00BK5BR626,Costes de transacción y/o externos de DEGIRO,,EUR,"-3,00",EUR,"3199,80",5b368adf-7148-44ba-abaf-9615b198f161
15-12-2023,16:54,15-12-2023,VNGRD FTSE ALL-WLD HGH DIV YLD UCITS,IE00BK5BR626,Venta 23 Vngrd FTSE All-Wld Hgh Div Yld UCITS ETF USD A@60 EUR (IE00BK5BR626),,EUR,"1380,00",EUR,"3202,80",5b368adf-7148-44ba-abaf-9615b198f161
15-12-2023,11:47,14-12-2023,,,"Transferir a su Cuenta de Efectivo en flatexDEGIRO Bank: 1.811,48 EUR",,,,EUR,"1822,80",
15-12-2023,11:47,14-12-2023,FLATEX EURO BANKACCOUNT,NLFLATEXACNT,Degiro Cash Sweep Transfer,,EUR,"-1811,48",EUR,"11,32",
15-12-2023,06:42,14-12-2023,MICROSOFT CORP,US5949181045,Retención del dividendo,,USD,"-0,45",USD,"2,55",
15-12-2023,06:42,14-12-2023,MICROSOFT CORP,US5949181045,Dividendo,,USD,"3,00",USD,"3,00",
14-12-2023,17:47,14-12-2023,TESLA INC,US88160R1014,Retirada Cambio de Divisa,"1,1029",USD,"-2000,00",USD,"0,00",6e707c56-da43-4005-9061-d699bd403c87
14-12-2023,17:47,14-12-2023,TESLA INC,US88160R1014,Ingreso Cambio de Divisa,,EUR,"1813,48",EUR,"1822,80",6e707c56-da43-4005-9061-d699bd403c87
14-12-2023,17:47,14-12-2023,TESLA INC,US88160R1014,Costes de transacción y/o externos de DEGIRO,,EUR,"-2,00",EUR,"9,32",6e707c56-da43-4005-9061-d699bd403c87
14-12-2023,17:47,14-12-2023,TESLA INC,US88160R1014,Venta 8 Tesla Inc@250 USD (US88160R1014),,USD,"2000,00",USD,"2000,00",6e707c56-da43-4005-9061-d699bd403c87
07-12-2023,16:47,07-12-2023,,,"Transferir desde su Cuenta de Efectivo en flatexDEGIRO Bank: 1.361,15 EUR",,,,EUR,"11,32",
07-12-2023,16:47,07-12-2023,FLATEX EURO BANKACCOUNT,NLFLATEXACNT,Degiro Cash Sweep Transfer,,EUR,"1361,15",EUR,"1372,47",
07-12-2023,12:28,07-12-2023,VNGRD FTSE ALL-WLD HGH DIV YLD UCITS,IE00BK5BR626,Costes de transacción y/o externos de DEGIRO,,EUR,"-3,00",EUR,"11,32",0f5f6555-970f-446d-9429-c892fef93840
07-12-2023,12:28,07-12-2023,VNGRD FTSE ALL-WLD HGH DIV YLD UCITS,IE00BK5BR626,"Compra 23 Vngrd FTSE All-Wld Hgh Div Yld UCITS ETF USD A@59,05 EUR (IE00BK5BR626)",,EUR,"-1358,15",EUR,"14,32",0f5f6555-970f-446d-9429-c892fef93840
06-12-2023,10:47,05-12-2023,,,Transferir a su Cuenta de Efectivo en flatexDEGIRO Bank: 1.364 EUR,,,,EUR,"1372,47",
06-12-2023,10:47,05-12-2023,FLATEX EURO BANKACCOUNT,NLFLATEXACNT,Degiro Cash Sweep Transfer,,EUR,"-1364,00",EUR,"8,47",
05-12-2023,15:26,05-12-2023,VANGUARD FTSE ALL-WORLD UCITS ETF,IE00B3RBWM25,Costes de transacción y/o externos de DEGIRO,,EUR,"-1,00",EUR,"1372,47",e4b01bd2-76cd-4465-94a0-b4cf7e4e956c
05-12-2023,15:26,05-12-2023,VANGUARD FTSE ALL-WORLD UCITS ETF,IE00B3RBWM25,Venta 13 Vanguard FTSE All-World UCITS ETF USD Dis@105 EUR (IE00B3RBWM25),,EUR,"1365,00",EUR,"1373,47",e4b01bd2-76cd-4465-94a0-b4cf7e4e956c
20-11-2023,17:33,20-11-2023,,,"Transferir a su Cuenta de Efectivo en flatexDEGIRO Bank: 1,49 EUR",,,,EUR,"8,47",
20-11-2023,17:33,20-11-2023,FLATEX EURO BANKACCOUNT,NLFLATEXACNT,Degiro Cash Sweep Transfer,,EUR,"-1,49",EUR,"6,98",
18-11-2023,08:18,17-11-2023,,,Ingreso Cambio de Divisa,,EUR,"1,49",EUR,"8,47",
18-11-2023,08:18,17-11-2023,,,Retirada Cambio de Divisa,"1,0942",USD,"-1,63",USD,"0,00",
17-11-2023,06:56,16-11-2023,APPLE INC,US0378331005,Dividendo,,USD,"1,92",USD,"1,63",
17-11-2023,06:56,16-11-2023,APPLE INC,US0378331005,Retención del dividendo,,USD,"-0,29",USD,"-0,29",
06-11-2023,16:47,06-11-2023,,,"Transferir desde su Cuenta de Efectivo en flatexDEGIRO Bank: 153,9 EUR",,,,EUR,"6,98",
06-11-2023,16:47,06-11-2023,FLATEX EURO BANKACCOUNT,NLFLATEXACNT,Degiro Cash Sweep Transfer,,EUR,"153,90",EUR,"160,88",
06-11-2023,09:01,06-11-2023,CAIXABANK SA,ES0140609019,Spanish Transaction Tax,,EUR,"-0,30",EUR,"6,98",bad6f7f3-ef55-4f7a-86f5-31e4129c4029
06-11-2023,09:01,06-11-2023,CAIXABANK SA,ES0140609019,Costes de transacción y/o externos de DEGIRO,,EUR,"-2,00",EUR,"7,28",bad6f7f3-ef55-4f7a-86f5-31e4129c4029
06-11-2023,09:01,06-11-2023,CAIXABANK SA,ES0140609019,"Compra 40 CaixaBank SA@3,79 EUR (ES0140609019)",,EUR,"-151,60",EUR,"9,28",bad6f7f3-ef55-4f7a-86f5-31e4129c4029
03-11-2023,17:47,03-11-2023,,,"Transferir a su Cuenta de Efectivo en flatexDEGIRO Bank: 4,93 EUR",,,,EUR,"160,88",
03-11-2023,17:47,03-11-2023,FLATEX EURO BANKACCOUNT,NLFLATEXACNT,Degiro Cash Sweep Transfer,,EUR,"-4,93",EUR,"155,95",
03-11-2023,08:35,02-11-2023,BANCO SANTANDER SA,ES0113900J37,Dividendo,,EUR,"6,08",EUR,"160,88",
03-11-2023,08:35,02-11-2023,BANCO SANTANDER SA,ES0113900J37,Retención del dividendo,,EUR,"-1,15",EUR,"154,80",
31-10-2023,10:02,30-10-2023,,,"Transferir desde su Cuenta de Efectivo en flatexDEGIRO Bank: 930,58 EUR",,,,EUR,"155,95",
31-10-2023,10:02,30-10-2023,FLATEX EURO BANKACCOUNT,NLFLATEXACNT,Degiro Cash Sweep Transfer,,EUR,"930,58",EUR,"1086,53",
30-10-2023,19:45,30-10-2023,TESLA INC,US88160R1014,Ingreso Cambio de Divisa,"1,0591",USD,"983,50",USD,"0,00",cde89d89-0ee5-407a-9d20-14ce5f48045f
30-10-2023,19:45,30-10-2023,TESLA INC,US88160R1014,Retirada Cambio de Divisa,,EUR,"-928,58",EUR,"155,95",cde89d89-0ee5-407a-9d20-14ce5f48045f
30-10-2023,19:45,30-10-2023,TESLA INC,US88160R1014,Costes de transacción y/o externos de DEGIRO,,EUR,"-2,00",EUR,"1084,53",cde89d89-0ee5-407a-9d20-14ce5f48045f
30-10-2023,19:45,30-10-2023,TESLA INC,US88160R1014,"Compra 5 Tesla Inc@196,7 USD (US88160R1014)",,USD,"-983,50",USD,"-983,50",cde89d89-0ee5-407a-9d20-14ce5f48045f
30-10-2023,16:47,30-10-2023,,,"Transferir a su Cuenta de Efectivo en flatexDEGIRO Bank: 1.062,34 EUR",,,,EUR,"1086,53",
30-10-2023,16:47,30-10-2023,FLATEX EURO BANKACCOUNT,NLFLATEXACNT,Degiro Cash Sweep Transfer,,EUR,"-1062,34",EUR,"24,19",
30-10-2023,14:47,30-10-2023,ISHARES S&P 500 INFO TECHNOLG SCTR,IE00B3WJKG14,Costes de transacción y/o externos de DEGIRO,,EUR,"-1,00",EUR,"1086,53",19bae60a-a3c4-4670-b9c4-74cf49c4ca34
30-10-2023,14:47,30-10-2023,ISHARES S&P 500 INFO TECHNOLG SCTR,IE00B3WJKG14,"Venta 45 iShares S&P 500 Info Technolg Sctr UCITS ETF USD A@19,7 EUR (IE00B3WJKG14)",,EUR,"886,50",EUR,"1087,53",19bae60a-a3c4-4670-b9c4-74cf49c4ca34
30-10-2023,14:30,30-10-2023,ALLY FINANCIAL INC,US02005N1000,Retirada Cambio de Divisa,"1,0629",USD,"-190,08",USD,"0,00",aa8aee75-6312-4ea4-ad86-1d58c7ab11d7
30-10-2023,14:30,30-10-2023,ALLY FINANCIAL INC,US02005N1000,Ingreso Cambio de Divisa,,EUR,"178,84",EUR,"201,03",aa8aee75-6312-4ea4-ad86-1d58c7ab11d7
30-10-2023,14:30,30-10-2023,ALLY FINANCIAL INC,US02005N1000,Costes de transacción y/o externos de DEGIRO,,EUR,"-2,00",EUR,"22,19",aa8aee75-6312-4ea4-ad86-1d58c7ab11d7
30-10-2023,14:30,30-10-2023,ALLY FINANCIAL INC,US02005N1000,"Venta 8 Ally Financial Inc@23,76 USD (US02005N1000)",,USD,"190,08",USD,"190,08",aa8aee75-6312-4ea4-ad86-1d58c7ab11d7
12-10-2023,16:47,12-10-2023,,,"Transferir a su Cuenta de Efectivo en flatexDEGIRO Bank: 7,78 EUR",,,,EUR,"24,19",
12-10-2023,16:47,12-10-2023,FLATEX EURO BANKACCOUNT,NLFLATEXACNT,Degiro Cash Sweep Transfer,,EUR,"-7,78",EUR,"16,41",
12-10-2023,08:00,11-10-2023,BANCO BILBAO VIZCAYA ARGENTARIA SA,ES0113211835,Retención del dividendo,,EUR,"-1,82",EUR,"24,19",
12-10-2023,08:00,11-10-2023,BANCO BILBAO VIZCAYA ARGENTARIA SA,ES0113211835,Dividendo,,EUR,"9,60",EUR,"26,01",
04-10-2023,16:50,04-10-2023,,,"Transferir a su Cuenta de Efectivo en flatexDEGIRO Bank: 7,45 EUR",,,,EUR,"16,41",
04-10-2023,16:50,04-10-2023,FLATEX EURO BANKACCOUNT,NLFLATEXACNT,Degiro Cash Sweep Transfer,,EUR,"-7,45",EUR,"8,96",
04-10-2023,10:20,03-10-2023,,,"Transferir desde su Cuenta de Efectivo en flatexDEGIRO Bank: 266,56 EUR",,,,EUR,"16,41",
04-10-2023,10:20,03-10-2023,FLATEX EURO BANKACCOUNT,NLFLATEXACNT,Degiro Cash Sweep Transfer,,EUR,"266,56",EUR,"282,97",
04-10-2023,07:37,03-10-2023,,,Ingreso Cambio de Divisa,,EUR,"7,45",EUR,"16,41",
04-10-2023,07:37,03-10-2023,,,Retirada Cambio de Divisa,"1,0493",USD,"-7,82",USD,"0,00",
03-10-2023,18:49,03-10-2023,,,"Transferir desde su Cuenta de Efectivo en flatexDEGIRO Bank: 1.009,42 EUR",,,,EUR,"8,96",
03-10-2023,18:49,03-10-2023,FLATEX EURO BANKACCOUNT,NLFLATEXACNT,Degiro Cash Sweep Transfer,,EUR,"1009,42",EUR,"1018,38",
03-10-2023,15:30,03-10-2023,COCA-COLA CO,US1912161007,Ingreso Cambio de Divisa,"1,0444",USD,"276,30",USD,"7,82",6267c66a-4997-470a-a138-1d1cc8734907
03-10-2023,15:30,03-10-2023,COCA-COLA CO,US1912161007,Retirada Cambio de Divisa,,EUR,"-264,56",EUR,"8,96",6267c66a-4997-470a-a138-1d1cc8734907
03-10-2023,15:30,03-10-2023,COCA-COLA CO,US1912161007,Costes de transacción y/o externos de DEGIRO,,EUR,"-2,00",EUR,"273,52",6267c66a-4997-470a-a138-1d1cc8734907
03-10-2023,15:30,03-10-2023,COCA-COLA CO,US1912161007,"Compra 5 Coca-Cola Co@55,26 USD (US1912161007)",,USD,"-276,30",USD,"-268,48",6267c66a-4997-470a-a138-1d1cc8734907
03-10-2023,12:58,03-10-2023,CAIXABANK SA,ES0140609019,Spanish Transaction Tax,,EUR,"-0,53",EUR,"275,52",e65767cc-86cd-4c54-b621-7ea7e019b9a7
03-10-2023,12:58,03-10-2023,CAIXABANK SA,ES0140609019,Costes de transacción y/o externos de DEGIRO,,EUR,"-2,00",EUR,"276,05",e65767cc-86cd-4c54-b621-7ea7e019b9a7
03-10-2023,12:58,03-10-2023,CAIXABANK SA,ES0140609019,"Compra 70 CaixaBank SA@3,783 EUR (ES0140609019)",,EUR,"-264,81",EUR,"278,05",e65767cc-86cd-4c54-b621-7ea7e019b9a7
03-10-2023,12:58,03-10-2023,BANCO SANTANDER SA,ES0113900J37,Spanish Transaction Tax,,EUR,"-0,35",EUR,"542,86",e7d4fca1-063b-4b53-aec6-6bb6002c7270
03-10-2023,12:58,03-10-2023,BANCO SANTANDER SA,ES0113900J37,Spanish Transaction Tax,,EUR,"-0,19",EUR,"543,21",e7d4fca1-063b-4b53-aec6-6bb6002c7270
03-10-2023,12:58,03-10-2023,BANCO SANTANDER SA,ES0113900J37,Costes de transacción y/o externos de DEGIRO,,EUR,"-2,00",EUR,"543,40",e7d4fca1-063b-4b53-aec6-6bb6002c7270
03-10-2023,12:58,03-10-2023,BANCO SANTANDER SA,ES0113900J37,"Compra 48 Banco Santander SA@3,6085 EUR (ES0113900J37)",,EUR,"-173,21",EUR,"545,40",e7d4fca1-063b-4b53-aec6-6bb6002c7270
03-10-2023,12:58,03-10-2023,BANCO SANTANDER SA,ES0113900J37,"Compra 27 Banco Santander SA@3,6085 EUR (ES0113900J37)",,EUR,"-97,43",EUR,"718,61",e7d4fca1-063b-4b53-aec6-6bb6002c7270
03-10-2023,12:57,03-10-2023,BANCO BILBAO VIZCAYA ARGENTARIA SA,ES0113211835,Spanish Transaction Tax,,EUR,"-0,74",EUR,"816,04",8761a797-9924-46fe-8508-7677775fbc7c
03-10-2023,12:57,03-10-2023,BANCO BILBAO VIZCAYA ARGENTARIA SA,ES0113211835,Spanish Transaction Tax,,EUR,"-0,20",EUR,"816,78",8761a797-9924-46fe-8508-7677775fbc7c
03-10-2023,12:57,03-10-2023,BANCO BILBAO VIZCAYA ARGENTARIA SA,ES0113211835,Costes de transacción y/o externos de DEGIRO,,EUR,"-2,00",EUR,"816,98",8761a797-9924-46fe-8508-7677775fbc7c
03-10-2023,12:57,03-10-2023,BANCO BILBAO VIZCAYA ARGENTARIA SA,ES0113211835,"Compra 47 Banco Bilbao Vizcaya Argentaria SA@7,82 EUR (ES0113211835)",,EUR,"-367,54",EUR,"818,98",8761a797-9924-46fe-8508-7677775fbc7c
03-10-2023,12:57,03-10-2023,BANCO BILBAO VIZCAYA ARGENTARIA SA,ES0113211835,"Compra 13 Banco Bilbao Vizcaya Argentaria SA@7,82 EUR (ES0113211835)",,EUR,"-101,66",EUR,"1186,52",8761a797-9924-46fe-8508-7677775fbc7c
03-10-2023,08:30,02-10-2023,COCA-COLA CO,US1912161007,Dividendo,,USD,"9,20",USD,"7,82",
03-10-2023,08:30,02-10-2023,COCA-COLA CO,US1912161007,Retención del dividendo,,USD,"-1,38",USD,"-1,38",
03-10-2023,07:35,02-10-2023,,,Ingreso Cambio de Divisa,,EUR,"3,24",EUR,"1288,18",
03-10-2023,07:35,02-10-2023,,,Retirada Cambio de Divisa,"1,0504",USD,"-3,40",USD,"0,00",
02-10-2023,06:55,29-09-2023,KRAFT HEINZ CO,US5007541064,Dividendo,,USD,"4,00",USD,"3,40",
02-10-2023,06:55,29-09-2023,KRAFT HEINZ CO,US5007541064,Retención del dividendo,,USD,"-0,60",USD,"-0,60",
01-10-2023,20:21,30-09-2023,,,Flatex Interest Income,,EUR,"0,00",EUR,"1284,94",
29-09-2023,18:51,29-09-2023,,,"Transferir a su Cuenta de Efectivo en flatexDEGIRO Bank: 5,82 EUR",,,,EUR,"1284,94",
29-09-2023,18:51,29-09-2023,FLATEX EURO BANKACCOUNT,NLFLATEXACNT,Degiro Cash Sweep Transfer,,EUR,"-5,82",EUR,"1279,12",
29-09-2023,08:07,28-09-2023,,,Ingreso Cambio de Divisa,,EUR,"5,82",EUR,"1284,94",
29-09-2023,08:07,28-09-2023,,,Retirada Cambio de Divisa,"1,0592",USD,"-6,16",USD,"0,00",
28-09-2023,08:02,27-09-2023,VANGUARD FTSE ALL-WORLD UCITS ETF,IE00B3RBWM25,Dividendo,,USD,"6,16",USD,"6,16",
18-09-2023,19:35,18-09-2023,,,"Transferir a su Cuenta de Efectivo en flatexDEGIRO Bank: 2,16 EUR",,,,EUR,"1279,12",
18-09-2023,19:35,18-09-2023,FLATEX EURO BANKACCOUNT,NLFLATEXACNT,Degiro Cash Sweep Transfer,,EUR,"-2,16",EUR,"1276,96",
16-09-2023,07:36,15-09-2023,,,Ingreso Cambio de Divisa,,EUR,"2,16",EUR,"1279,12",
16-09-2023,07:36,15-09-2023,,,Retirada Cambio de Divisa,"1,0684",USD,"-2,31",USD,"0,00",
15-09-2023,07:29,14-09-2023,MICROSOFT CORP,US5949181045,Dividendo,,USD,"2,72",USD,"2,31",
15-09-2023,07:29,14-09-2023,MICROSOFT CORP,US5949181045,Retención del dividendo,,USD,"-0,41",USD,"-0,41",
06-09-2023,09:50,05-09-2023,,,Transferir a su Cuenta de Efectivo en flatexDEGIRO Bank: 1.119 EUR,,,,EUR,"1276,96",
06-09-2023,09:50,05-09-2023,FLATEX EURO BANKACCOUNT,NLFLATEXACNT,Degiro Cash Sweep Transfer,,EUR,"-1119,00",EUR,"157,96",
05-09-2023,17:09,05-09-2023,VANGUARD S&P 500 UCITS ETF USD DIS,IE00B3XXRP09,Costes de transacción y/o externos de DEGIRO,,EUR,"-1,00",EUR,"1276,96",43900a15-5e56-41f0-81d3-3fdc443fed39
05-09-2023,17:09,05-09-2023,VANGUARD S&P 500 UCITS ETF USD DIS,IE00B3XXRP09,Venta 14 Vanguard S&P 500 UCITS ETF USD Dis@80 EUR (IE00B3XXRP09),,EUR,"1120,00",EUR,"1277,96",43900a15-5e56-41f0-81d3-3fdc443fed39
23-08-2023,10:20,22-08-2023,,,"Transferir desde su Cuenta de Efectivo en flatexDEGIRO Bank: 1.309,98 EUR",,,,EUR,"157,96",
23-08-2023,10:20,22-08-2023,FLATEX EURO BANKACCOUNT,NLFLATEXACNT,Degiro Cash Sweep Transfer,,EUR,"1309,98",EUR,"1467,94",
22-08-2023,20:11,22-08-2023,APPLE INC,US0378331005,Ingreso Cambio de Divisa,"1,0826",USD,"1416,00",USD,"0,00",b983d06d-a456-4917-8cad-263e385b5206
22-08-2023,20:11,22-08-2023,APPLE INC,US0378331005,Retirada Cambio de Divisa,,EUR,"-1307,98",EUR,"157,96",b983d06d-a456-4917-8cad-263e385b5206
22-08-2023,20:11,22-08-2023,APPLE INC,US0378331005,Costes de transacción y/o externos de DEGIRO,,EUR,"-2,00",EUR,"1465,94",b983d06d-a456-4917-8cad-263e385b5206
22-08-2023,20:11,22-08-2023,APPLE INC,US0378331005,Compra 8 Apple Inc@177 USD (US0378331005),,USD,"-1416,00",USD,"-1416,00",b983d06d-a456-4917-8cad-263e385b5206
17-08-2023,16:50,17-08-2023,,,"Transferir a su Cuenta de Efectivo en flatexDEGIRO Bank: 1,87 EUR",,,,EUR,"1467,94",
17-08-2023,16:50,17-08-2023,FLATEX EURO BANKACCOUNT,NLFLATEXACNT,Degiro Cash Sweep Transfer,,EUR,"-1,87",EUR,"1466,07",
17-08-2023,07:37,16-08-2023,,,Ingreso Cambio de Divisa,,EUR,"1,87",EUR,"1467,94",
17-08-2023,07:37,16-08-2023,,,Retirada Cambio de Divisa,"1,0906",USD,"-2,04",USD,"0,00",
16-08-2023,07:56,15-08-2023,ALLY FINANCIAL INC,US02005N1000,Dividendo,,USD,"2,40",USD,"2,04",
16-08-2023,07:56,15-08-2023,ALLY FINANCIAL INC,US02005N1000,Retención del dividendo,,USD,"-0,36",USD,"-0,36",
27-07-2023,10:34,26-07-2023,,,"Transferir desde su Cuenta de Efectivo en flatexDEGIRO Bank: 2.434,42 EUR",,,,EUR,"1466,07",
27-07-2023,10:34,26-07-2023,FLATEX EURO BANKACCOUNT,NLFLATEXACNT,Degiro Cash Sweep Transfer,,EUR,"2434,42",EUR,"3900,49",
26-07-2023,16:21,26-07-2023,TESLA INC,US88160R1014,Ingreso Cambio de Divisa,"1,1033",USD,"803,21",USD,"0,00",d87eec58-b290-407d-98e2-975e553ffcfc
26-07-2023,16:21,26-07-2023,TESLA INC,US88160R1014,Retirada Cambio de Divisa,,EUR,"-727,98",EUR,"1466,07",d87eec58-b290-407d-98e2-975e553ffcfc
26-07-2023,16:21,26-07-2023,TESLA INC,US88160R1014,Costes de transacción y/o externos de DEGIRO,,EUR,"-2,00",EUR,"2194,05",d87eec58-b290-407d-98e2-975e553ffcfc
26-07-2023,16:21,26-07-2023,TESLA INC,US88160R1014,"Compra 3 Tesla Inc@267,735 USD (US88160R1014)",,USD,"-803,20",USD,"-803,21",d87eec58-b290-407d-98e2-975e553ffcfc
26-07-2023,16:17,26-07-2023,ALPHABET INC CLASS C,US02079K1079,Ingreso Cambio de Divisa,"1,1033",USD,"523,60",USD,"0,00",951fb61d-b36f-4eab-a017-2be21bf04ef2
26-07-2023,16:17,26-07-2023,ALPHABET INC CLASS C,US02079K1079,Retirada Cambio de Divisa,,EUR,"-474,56",EUR,"2196,05",951fb61d-b36f-4eab-a017-2be21bf04ef2
26-07-2023,16:17,26-07-2023,ALPHABET INC CLASS C,US02079K1079,Costes de transacción y/o externos de DEGIRO,,EUR,"-2,00",EUR,"2670,61",951fb61d-b36f-4eab-a017-2be21bf04ef2
26-07-2023,16:17,26-07-2023,ALPHABET INC CLASS C,US02079K1079,"Compra 4 Alphabet Inc Class C@130,9 USD (US02079K1079)",,USD,"-523,60",USD,"-523,60",951fb61d-b36f-4eab-a017-2be21bf04ef2
26-07-2023,16:16,26-07-2023,MICROSOFT CORP,US5949181045,Ingreso Cambio de Divisa,"1,1036",USD,"1352,92",USD,"0,00",7a0b115f-9bf8-4d57-8d83-7e98cec5760b
26-07-2023,16:16,26-07-2023,MICROSOFT CORP,US5949181045,Retirada Cambio de Divisa,,EUR,"-1225,88",EUR,"2672,61",7a0b115f-9bf8-4d57-8d83-7e98cec5760b
26-07-2023,16:16,26-07-2023,MICROSOFT CORP,US5949181045,Costes de transacción y/o externos de DEGIRO,,EUR,"-2,00",EUR,"3898,49",7a0b115f-9bf8-4d57-8d83-7e98cec5760b
26-07-2023,16:16,26-07-2023,MICROSOFT CORP,US5949181045,"Compra 4 Microsoft Corp@338,23 USD (US5949181045)",,USD,"-1352,92",USD,"-1352,92",7a0b115f-9bf8-4d57-8d83-7e98cec5760b
11-07-2023,16:34,11-07-2023,,,"Transferir a su Cuenta de Efectivo en flatexDEGIRO Bank: 3.839,2 EUR",,,,EUR,"3900,49",
11-07-2023,16:34,11-07-2023,FLATEX EURO BANKACCOUNT,NLFLATEXACNT,Degiro Cash Sweep Transfer,,EUR,"-3839,20",EUR,"61,29",
11-07-2023,14:39,11-07-2023,VANGUARD S&P 500 UCITS ETF USD DIS,IE00B3XXRP09,"Venta 6 Vanguard S&P 500 UCITS ETF USD Dis@76,3 EUR (IE00B3XXRP09)",,EUR,"457,80",EUR,"3900,49",4e37e25d-0e1a-4074-aa9d-18e35126a741
11-07-2023,14:39,11-07-2023,VANGUARD S&P 500 UCITS ETF USD DIS,IE00B3XXRP09,"Venta 3 Vanguard S&P 500 UCITS ETF USD Dis@76,3 EUR (IE00B3XXRP09)",,EUR,"228,90",EUR,"3442,69",4e37e25d-0e1a-4074-aa9d-18e35126a741
11-07-2023,14:35,11-07-2023,VANGUARD S&P 500 UCITS ETF USD DIS,IE00B3XXRP09,"Venta 6 Vanguard S&P 500 UCITS ETF USD Dis@76,3 EUR (IE00B3XXRP09)",,EUR,"457,80",EUR,"3213,79",4e37e25d-0e1a-4074-aa9d-18e35126a741
11-07-2023,14:35,11-07-2023,VANGUARD S&P 500 UCITS ETF USD DIS,IE00B3XXRP09,"Venta 7 Vanguard S&P 500 UCITS ETF USD Dis@76,3 EUR (IE00B3XXRP09)",,EUR,"534,10",EUR,"2755,99",4e37e25d-0e1a-4074-aa9d-18e35126a741
11-07-2023,14:34,11-07-2023,VANGUARD S&P 500 UCITS ETF USD DIS,IE00B3XXRP09,Costes de transacción y/o externos de DEGIRO,,EUR,"-1,00",EUR,"2221,89",4e37e25d-0e1a-4074-aa9d-18e35126a741
11-07-2023,14:34,11-07-2023,VANGUARD S&P 500 UCITS ETF USD DIS,IE00B3XXRP09,"Venta 2 Vanguard S&P 500 UCITS ETF USD Dis@76,3 EUR (IE00B3XXRP09)",,EUR,"152,60",EUR,"2222,89",4e37e25d-0e1a-4074-aa9d-18e35126a741
11-07-2023,14:29,11-07-2023,ISHARES S&P 500 INFO TECHNOLG SCTR,IE00B3WJKG14,"Venta 87 iShares S&P 500 Info Technolg Sctr UCITS ETF USD A@20,1 EUR (IE00B3WJKG14)",,EUR,"1748,70",EUR,"2070,29",d0ae4cfd-930f-48cd-a042-9d42fd9dcb92
11-07-2023,14:28,11-07-2023,ISHARES S&P 500 INFO TECHNOLG SCTR,IE00B3WJKG14,"Venta 5 iShares S&P 500 Info Technolg Sctr UCITS ETF USD A@20,1 EUR (IE00B3WJKG14)",,EUR,"100,50",EUR,"321,59",d0ae4cfd-930f-48cd-a042-9d42fd9dcb92
11-07-2023,14:25,11-07-2023,ISHARES S&P 500 INFO TECHNOLG SCTR,IE00B3WJKG14,"Venta 2 iShares S&P 500 Info Technolg Sctr UCITS ETF USD A@20,1 EUR (IE00B3WJKG14)",,EUR,"40,20",EUR,"221,09",d0ae4cfd-930f-48cd-a042-9d42fd9dcb92
11-07-2023,14:21,11-07-2023,ISHARES S&P 500 INFO TECHNOLG SCTR,IE00B3WJKG14,"Venta 5 iShares S&P 500 Info Technolg Sctr UCITS ETF USD A@20,1 EUR (IE00B3WJKG14)",,EUR,"100,50",EUR,"180,89",d0ae4cfd-930f-48cd-a042-9d42fd9dcb92
11-07-2023,13:58,11-07-2023,ISHARES S&P 500 INFO TECHNOLG SCTR,IE00B3WJKG14,Costes de transacción y/o externos de DEGIRO,,EUR,"-1,00",EUR,"80,39",d0ae4cfd-930f-48cd-a042-9d42fd9dcb92
11-07-2023,13:58,11-07-2023,ISHARES S&P 500 INFO TECHNOLG SCTR,IE00B3WJKG14,"Venta 1 iShares S&P 500 Info Technolg Sctr UCITS ETF USD A@20,1 EUR (IE00B3WJKG14)",,EUR,"20,10",EUR,"81,39",d0ae4cfd-930f-48cd-a042-9d42fd9dcb92
05-07-2023,17:19,05-07-2023,,,Transferir a su Cuenta de Efectivo en flatexDEGIRO Bank:,,,,EUR,"61,29",
,,,,,"7,17 EUR",,,,,,
05-07-2023,17:19,05-07-2023,FLATEX EURO BANKACCOUNT,NLFLATEXACNT,Degiro Cash Sweep Transfer,,EUR,"-7,17",EUR,"54,12",
05-07-2023,07:38,04-07-2023,,,Ingreso Cambio de Divisa,,EUR,"7,17",EUR,"61,29",
05-07-2023,07:38,04-07-2023,,,Retirada Cambio de Divisa,"1,0909",USD,"-7,82",USD,"0,00",
04-07-2023,07:26,03-07-2023,COCA-COLA CO,US1912161007,Dividendo,,USD,"9,20",USD,"7,82",
04-07-2023,07:26,03-07-2023,COCA-COLA CO,US1912161007,Retención del dividendo,,USD,"-1,38",USD,"-1,38",
03-07-2023,00:31,30-06-2023,,,Flatex Interest Income,,EUR,"0,00",EUR,"54,12",
30-06-2023,19:06,30-06-2023,,,"Transferir a su Cuenta de Efectivo en flatexDEGIRO Bank: 18,27 EUR",,,,EUR,"54,12",
30-06-2023,19:06,30-06-2023,FLATEX EURO BANKACCOUNT,NLFLATEXACNT,Degiro Cash Sweep Transfer,,EUR,"-18,27",EUR,"35,85",
30-06-2023,07:46,29-06-2023,,,Ingreso Cambio de Divisa,,EUR,"18,27",EUR,"54,12",
30-06-2023,07:46,29-06-2023,,,Retirada Cambio de Divisa,"1,0892",USD,"-19,90",USD,"0,00",
29-06-2023,07:48,28-06-2023,VANGUARD FTSE ALL-WORLD UCITS ETF,IE00B3RBWM25,Dividendo,,USD,"9,45",USD,"19,90",
29-06-2023,07:37,28-06-2023,VANGUARD S&P 500 UCITS ETF USD DIS,IE00B3XXRP09,Dividendo,,USD,"10,45",USD,"10,45",
16-06-2023,17:19,16-06-2023,,,"Transferir a su Cuenta de Efectivo en flatexDEGIRO Bank: 4,25 EUR",,,,EUR,"35,85",
16-06-2023,17:19,16-06-2023,FLATEX EURO BANKACCOUNT,NLFLATEXACNT,Degiro Cash Sweep Transfer,,EUR,"-4,25",EUR,"31,60",
16-06-2023,07:29,15-06-2023,TELEFONICA SA,ES0178430E18,Dividendo,,EUR,"5,25",EUR,"35,85",
16-06-2023,07:29,15-06-2023,TELEFONICA SA,ES0178430E18,Retención del dividendo,,EUR,"-1,00",EUR,"30,60",
08-06-2023,16:34,08-06-2023,,,"Transferir desde su Cuenta de Efectivo en flatexDEGIRO Bank: 1.383,71 EUR",,,,EUR,"31,60",
08-06-2023,16:34,08-06-2023,FLATEX EURO BANKACCOUNT,NLFLATEXACNT,Degiro Cash Sweep Transfer,,EUR,"1383,71",EUR,"1415,31",
08-06-2023,10:34,07-06-2023,,,"Transferir desde su Cuenta de Efectivo en flatexDEGIRO Bank: 1.954,35 EUR",,,,EUR,"31,60",
08-06-2023,10:34,07-06-2023,FLATEX EURO BANKACCOUNT,NLFLATEXACNT,Degiro Cash Sweep Transfer,,EUR,"1954,35",EUR,"1985,95",
08-06-2023,09:04,08-06-2023,VANGUARD FTSE ALL-WORLD UCITS ETF,IE00B3RBWM25,Costes de transacción y/o externos de DEGIRO,,EUR,"-1,00",EUR,"31,60",d590889a-b1d3-4288-97a7-980929158eac
08-06-2023,09:04,08-06-2023,VANGUARD FTSE ALL-WORLD UCITS ETF,IE00B3RBWM25,"Compra 5 Vanguard FTSE All-World UCITS ETF USD Dis@101,94 EUR (IE00B3RBWM25)",,EUR,"-509,70",EUR,"32,60",d590889a-b1d3-4288-97a7-980929158eac
08-06-2023,09:04,08-06-2023,ISHARES S&P 500 INFO TECHNOLG SCTR,IE00B3WJKG14,Costes de transacción y/o externos de DEGIRO,,EUR,"-1,00",EUR,"542,30",79fc3b8d-050c-4b0f-b95d-fdcc7168f1b6
08-06-2023,09:04,08-06-2023,ISHARES S&P 500 INFO TECHNOLG SCTR,IE00B3WJKG14,"Compra 45 iShares S&P 500 Info Technolg Sctr UCITS ETF USD A@19,378 EUR (IE00B3WJKG14)",,EUR,"-872,01",EUR,"543,30",79fc3b8d-050c-4b0f-b95d-fdcc7168f1b6
07-06-2023,19:15,07-06-2023,WALT DISNEY CO,US2546871060,Ingreso Cambio de Divisa,"1,0666",USD,"1107,60",USD,"0,00",4e6fcc73-f105-44d2-adc6-7748e75e724a
07-06-2023,19:15,07-06-2023,WALT DISNEY CO,US2546871060,Retirada Cambio de Divisa,,EUR,"-1038,41",EUR,"1415,31",4e6fcc73-f105-44d2-adc6-7748e75e724a
07-06-2023,19:15,07-06-2023,WALT DISNEY CO,US2546871060,Costes de transacción y/o externos de DEGIRO,,EUR,"-2,00",EUR,"2453,72",4e6fcc73-f105-44d2-adc6-7748e75e724a
07-06-2023,19:15,07-06-2023,WALT DISNEY CO,US2546871060,"Compra 12 Walt Disney Co@92,3 USD (US2546871060)",,USD,"-1107,60",USD,"-1107,60",4e6fcc73-f105-44d2-adc6-7748e75e724a
07-06-2023,17:59,07-06-2023,KRAFT HEINZ CO,US5007541064,Ingreso Cambio de Divisa,"1,0674",USD,"369,89",USD,"0,00",8732fd4f-19bc-4a17-bffb-9438c021d1f6
07-06-2023,17:59,07-06-2023,KRAFT HEINZ CO,US5007541064,Retirada Cambio de Divisa,,EUR,"-346,53",EUR,"2455,72",8732fd4f-19bc-4a17-bffb-9438c021d1f6
07-06-2023,17:59,07-06-2023,KRAFT HEINZ CO,US5007541064,Costes de transacción y/o externos de DEGIRO,,EUR,"-2,00",EUR,"2802,25",8732fd4f-19bc-4a17-bffb-9438c021d1f6
07-06-2023,17:59,07-06-2023,KRAFT HEINZ CO,US5007541064,"Compra 10 Kraft Heinz Co@36,9893 USD (US5007541064)",,USD,"-369,89",USD,"-369,89",8732fd4f-19bc-4a17-bffb-9438c021d1f6
07-06-2023,17:59,07-06-2023,COCA-COLA CO,US1912161007,Ingreso Cambio de Divisa,"1,0674",USD,"601,40",USD,"0,00",6f1cc128-e48e-40c9-a217-2e8b3534489d
07-06-2023,17:59,07-06-2023,COCA-COLA CO,US1912161007,Retirada Cambio de Divisa,,EUR,"-563,41",EUR,"2804,25",6f1cc128-e48e-40c9-a217-2e8b3534489d
07-06-2023,17:59,07-06-2023,COCA-COLA CO,US1912161007,Costes de transacción y/o externos de DEGIRO,,EUR,"-2,00",EUR,"3367,66",6f1cc128-e48e-40c9-a217-2e8b3534489d
07-06-2023,17:59,07-06-2023,COCA-COLA CO,US1912161007,"Compra 10 Coca-Cola Co@60,14 USD (US1912161007)",,USD,"-601,40",USD,"-601,40",6f1cc128-e48e-40c9-a217-2e8b3534489d
18-05-2023,11:49,17-05-2023,,,"Transferir a su Cuenta de Efectivo en flatexDEGIRO Bank: 209,82 EUR",,,,EUR,"3369,66",
18-05-2023,11:49,17-05-2023,FLATEX EURO BANKACCOUNT,NLFLATEXACNT,Degiro Cash Sweep Transfer,,EUR,"-209,82",EUR,"3159,84",
17-05-2023,17:49,17-05-2023,,,"Transferir a su Cuenta de Efectivo en flatexDEGIRO Bank: 1,87 EUR",,,,EUR,"3369,66",
17-05-2023,17:49,17-05-2023,FLATEX EURO BANKACCOUNT,NLFLATEXACNT,Degiro Cash Sweep Transfer,,EUR,"-1,87",EUR,"3367,79",
17-05-2023,15:30,17-05-2023,AMAZON.COM INC,US0231351067,Retirada Cambio de Divisa,"1,0858",USD,"-230,00",USD,"0,00",06717325-a3ee-433b-91dc-7be195e8b988
17-05-2023,15:30,17-05-2023,AMAZON.COM INC,US0231351067,Ingreso Cambio de Divisa,,EUR,"211,82",EUR,"3369,66",06717325-a3ee-433b-91dc-7be195e8b988
17-05-2023,15:30,17-05-2023,AMAZON.COM INC,US0231351067,Costes de transacción y/o externos de DEGIRO,,EUR,"-2,00",EUR,"3157,84",06717325-a3ee-433b-91dc-7be195e8b988
17-05-2023,15:30,17-05-2023,AMAZON.COM INC,US0231351067,Venta 2 Amazon.com Inc@115 USD (US0231351067),,USD,"230,00",USD,"230,00",06717325-a3ee-433b-91dc-7be195e8b988
17-05-2023,07:35,16-05-2023,,,Ingreso Cambio de Divisa,,EUR,"1,87",EUR,"3159,84",
17-05-2023,07:35,16-05-2023,,,Retirada Cambio de Divisa,"1,0890",USD,"-2,04",USD,"0,00",
16-05-2023,07:20,15-05-2023,ALLY FINANCIAL INC,US02005N1000,Dividendo,,USD,"2,40",USD,"2,04",
16-05-2023,07:20,15-05-2023,ALLY FINANCIAL INC,US02005N1000,Retención del dividendo,,USD,"-0,36",USD,"-0,36",
12-05-2023,10:05,11-05-2023,,,"Transferir a su Cuenta de Efectivo en flatexDEGIRO Bank: 213,25 EUR",,,,EUR,"3157,97",
12-05-2023,10:05,11-05-2023,FLATEX EURO BANKACCOUNT,NLFLATEXACNT,Degiro Cash Sweep Transfer,,EUR,"-213,25",EUR,"2944,72",
11-05-2023,19:52,11-05-2023,ALPHABET INC CLASS C,US02079K1079,Retirada Cambio de Divisa,"1,0940",USD,"-234,40",USD,"0,00",6af03692-1863-4d08-9e6c-0aab4e926276
11-05-2023,19:52,11-05-2023,ALPHABET INC CLASS C,US02079K1079,Ingreso Cambio de Divisa,,EUR,"214,25",EUR,"3157,97",6af03692-1863-4d08-9e6c-0aab4e926276
11-05-2023,19:52,11-05-2023,ALPHABET INC CLASS C,US02079K1079,Costes de transacción y/o externos de DEGIRO,,EUR,"-1,00",EUR,"2943,72",6af03692-1863-4d08-9e6c-0aab4e926276
11-05-2023,19:52,11-05-2023,ALPHABET INC CLASS C,US02079K1079,"Venta 2 Alphabet Inc Class C@117,2 USD (US02079K1079)",,USD,"234,40",USD,"234,40",6af03692-1863-4d08-9e6c-0aab4e926276
02-05-2023,12:34,01-05-2023,,,"Transferir a su Cuenta de Efectivo en flatexDEGIRO Bank: 2.912,8 EUR",,,,EUR,"2944,72",
02-05-2023,12:34,01-05-2023,FLATEX EURO BANKACCOUNT,NLFLATEXACNT,Degiro Cash Sweep Transfer,,EUR,"-2912,80",EUR,"31,92",
01-05-2023,15:30,01-05-2023,APPLE INC,US0378331005,Retirada Cambio de Divisa,"1,1053",USD,"-3220,50",USD,"0,00",a88d0845-aefb-40ab-a969-d0dd117736af
01-05-2023,15:30,01-05-2023,APPLE INC,US0378331005,Ingreso Cambio de Divisa,,EUR,"2913,80",EUR,"2944,72",a88d0845-aefb-40ab-a969-d0dd117736af
01-05-2023,15:30,01-05-2023,APPLE INC,US0378331005,Costes de transacción y/o externos de DEGIRO,,EUR,"-1,00",EUR,"30,92",a88d0845-aefb-40ab-a969-d0dd117736af
01-05-2023,15:30,01-05-2023,APPLE INC,US0378331005,"Venta 19 Apple Inc@169,5 USD (US0378331005)",,USD,"3220,50",USD,"3220,50",a88d0845-aefb-40ab-a969-d0dd117736af
05-04-2023,17:34,05-04-2023,,,"Transferir a su Cuenta de Efectivo en flatexDEGIRO Bank: 3,56 EUR",,,,EUR,"31,92",
05-04-2023,17:34,05-04-2023,FLATEX EURO BANKACCOUNT,NLFLATEXACNT,Degiro Cash Sweep Transfer,,EUR,"-3,56",EUR,"28,36",
05-04-2023,08:40,04-04-2023,,,Ingreso Cambio de Divisa,,EUR,"3,56",EUR,"31,92",
05-04-2023,08:40,04-04-2023,,,Retirada Cambio de Divisa,"1,0980",USD,"-3,91",USD,"0,00",
04-04-2023,07:30,03-04-2023,COCA-COLA CO,US1912161007,Dividendo,,USD,"4,60",USD,"3,91",
04-04-2023,07:30,03-04-2023,COCA-COLA CO,US1912161007,Retención del dividendo,,USD,"-0,69",USD,"-0,69",
03-04-2023,02:21,31-03-2023,,,Flatex Interest Income,,EUR,"0,00",EUR,"28,36",
31-03-2023,13:21,30-03-2023,,,"Transferir a su Cuenta de Efectivo en flatexDEGIRO Bank: 12,99 EUR",,,,EUR,"28,36",
31-03-2023,13:21,30-03-2023,FLATEX EURO BANKACCOUNT,NLFLATEXACNT,Degiro Cash Sweep Transfer,,EUR,"-12,99",EUR,"15,37",
30-03-2023,13:38,29-03-2023,,,Ingreso Cambio de Divisa,,EUR,"12,99",EUR,"28,36",
30-03-2023,13:38,29-03-2023,,,Retirada Cambio de Divisa,"1,0871",USD,"-14,12",USD,"0,00",
30-03-2023,09:55,29-03-2023,VANGUARD FTSE ALL-WORLD UCITS ETF,IE00B3RBWM25,Dividendo,,USD,"3,27",USD,"14,12",
30-03-2023,09:44,29-03-2023,VANGUARD S&P 500 UCITS ETF USD DIS,IE00B3XXRP09,Dividendo,,USD,"10,85",USD,"10,85",
20-02-2023,16:49,20-02-2023,,,"Transferir a su Cuenta de Efectivo en flatexDEGIRO Bank: 3,46 EUR",,,,EUR,"15,37",
20-02-2023,16:49,20-02-2023,FLATEX EURO BANKACCOUNT,NLFLATEXACNT,Degiro Cash Sweep Transfer,,EUR,"-3,46",EUR,"11,91",
18-02-2023,07:37,17-02-2023,,,Ingreso Cambio de Divisa,,EUR,"3,46",EUR,"15,37",
18-02-2023,07:37,17-02-2023,,,Retirada Cambio de Divisa,"1,0721",USD,"-3,71",USD,"0,00",
17-02-2023,16:49,17-02-2023,,,"Transferir a su Cuenta de Efectivo en flatexDEGIRO Bank: 1,91 EUR",,,,EUR,"11,91",
17-02-2023,16:49,17-02-2023,FLATEX EURO BANKACCOUNT,NLFLATEXACNT,Degiro Cash Sweep Transfer,,EUR,"-1,91",EUR,"10,00",
17-02-2023,07:34,16-02-2023,,,Ingreso Cambio de Divisa,,EUR,"1,91",EUR,"11,91",
17-02-2023,07:34,16-02-2023,,,Retirada Cambio de Divisa,"1,0700",USD,"-2,04",USD,"3,71",
17-02-2023,07:03,16-02-2023,APPLE INC,US0378331005,Dividendo,,USD,"4,37",USD,"5,75",
17-02-2023,07:03,16-02-2023,APPLE INC,US0378331005,Retención del dividendo,,USD,"-0,66",USD,"1,38",
16-02-2023,07:23,15-02-2023,ALLY FINANCIAL INC,US02005N1000,Dividendo,,USD,"2,40",USD,"2,04",
16-02-2023,07:23,15-02-2023,ALLY FINANCIAL INC,US02005N1000,Retención del dividendo,,USD,"-0,36",USD,"-0,36",
30-01-2023,11:51,27-01-2023,,,"Transferir desde su Cuenta de Efectivo en flatexDEGIRO Bank: 615,18 EUR",,,,EUR,"10,00",
30-01-2023,11:51,27-01-2023,FLATEX EURO BANKACCOUNT,NLFLATEXACNT,Degiro Cash Sweep Transfer,,EUR,"615,18",EUR,"625,18",
27-01-2023,20:45,27-01-2023,ALLY FINANCIAL INC,US02005N1000,Ingreso Cambio de Divisa,"1,0842",USD,"260,80",USD,"0,00",b37a23f1-c24a-4f05-8178-6866d809394b
27-01-2023,20:45,27-01-2023,ALLY FINANCIAL INC,US02005N1000,Retirada Cambio de Divisa,,EUR,"-240,55",EUR,"10,00",b37a23f1-c24a-4f05-8178-6866d809394b
27-01-2023,20:45,27-01-2023,ALLY FINANCIAL INC,US02005N1000,Costes de transacción y/o externos de DEGIRO,,EUR,"-1,00",EUR,"250,55",b37a23f1-c24a-4f05-8178-6866d809394b
27-01-2023,20:45,27-01-2023,ALLY FINANCIAL INC,US02005N1000,"Compra 8 Ally Financial Inc@32,6 USD (US02005N1000)",,USD,"-260,80",USD,"-260,80",b37a23f1-c24a-4f05-8178-6866d809394b
27-01-2023,16:46,27-01-2023,AMAZON.COM INC,US0231351067,Ingreso Cambio de Divisa,"1,0817",USD,"204,00",USD,"0,00",2a107d99-3c04-40e7-baca-b8f2ba969ad5
27-01-2023,16:46,27-01-2023,AMAZON.COM INC,US0231351067,Retirada Cambio de Divisa,,EUR,"-188,59",EUR,"251,55",2a107d99-3c04-40e7-baca-b8f2ba969ad5
27-01-2023,16:46,27-01-2023,AMAZON.COM INC,US0231351067,Costes de transacción y/o externos de DEGIRO,,EUR,"-1,00",EUR,"440,14",2a107d99-3c04-40e7-baca-b8f2ba969ad5
27-01-2023,16:46,27-01-2023,AMAZON.COM INC,US0231351067,Compra 2 Amazon.com Inc@102 USD (US0231351067),,USD,"-204,00",USD,"-204,00",2a107d99-3c04-40e7-baca-b8f2ba969ad5
27-01-2023,15:30,27-01-2023,ALPHABET INC CLASS C,US02079K1079,Ingreso Cambio de Divisa,"1,0823",USD,"198,10",USD,"0,00",c3ee3117-767a-423a-9921-fead5e1cdbf7
27-01-2023,15:30,27-01-2023,ALPHABET INC CLASS C,US02079K1079,Retirada Cambio de Divisa,,EUR,"-183,04",EUR,"441,14",c3ee3117-767a-423a-9921-fead5e1cdbf7
27-01-2023,15:30,27-01-2023,ALPHABET INC CLASS C,US02079K1079,Costes de transacción y/o externos de DEGIRO,,EUR,"-1,00",EUR,"624,18",c3ee3117-767a-423a-9921-fead5e1cdbf7
27-01-2023,15:30,27-01-2023,ALPHABET INC CLASS C,US02079K1079,"Compra 2 Alphabet Inc Class C@99,05 USD (US02079K1079)",,USD,"-198,10",USD,"-198,10",c3ee3117-767a-423a-9921-fead5e1cdbf7
27-01-2023,11:21,27-01-2023,,,flatex Deposit,,EUR,"620,00",EUR,"625,18",
04-01-2023,05:36,03-01-2023,,,Transferir desde su Cuenta de Efectivo en flatexDEGIRO Bank: 10 EUR,,,,EUR,"5,18",
04-01-2023,05:36,03-01-2023,FLATEX EURO BANKACCOUNT,NLFLATEXACNT,Degiro Cash Sweep Transfer,,EUR,"10,00",EUR,"15,18",
03-01-2023,14:00,31-12-2022,,,Comisión de conectividad con el mercado 2023 (New York Stock Exchange - NSY),,EUR,"-2,50",EUR,"5,18",
03-01-2023,14:00,31-12-2022,,,Comisión de conectividad con el mercado 2023 (Nasdaq - NDQ),,EUR,"-2,50",EUR,"7,68",
03-01-2023,14:00,31-12-2022,,,Comisión de conectividad con el mercado 2023 (Euronext Amsterdam - EAM),,EUR,"-2,50",EUR,"10,18",
03-01-2023,14:00,31-12-2022,,,Comisión de conectividad con el mercado 2023 (Xetra - XET),,EUR,"-2,50",EUR,"12,68",
02-01-2023,13:10,02-01-2023,,,Flatex Interest Income,,EUR,"0,00",EUR,"15,18",
30-12-2022,20:04,30-12-2022,,,"Transferir a su Cuenta de Efectivo en flatexDEGIRO Bank: 12,06 EUR",,,,EUR,"15,18",
30-12-2022,20:04,30-12-2022,FLATEX EURO BANKACCOUNT,NLFLATEXACNT,Degiro Cash Sweep Transfer,,EUR,"-12,06",EUR,"3,12",
30-12-2022,11:20,29-12-2022,,,"Transferir desde su Cuenta de Efectivo en flatexDEGIRO Bank: 607,89 EUR",,,,EUR,"15,18",
30-12-2022,11:20,29-12-2022,FLATEX EURO BANKACCOUNT,NLFLATEXACNT,Degiro Cash Sweep Transfer,,EUR,"607,89",EUR,"623,07",
30-12-2022,07:49,29-12-2022,,,Ingreso Cambio de Divisa,,EUR,"12,06",EUR,"15,18",
30-12-2022,07:49,29-12-2022,,,Retirada Cambio de Divisa,"1,0688",USD,"-12,89",USD,"0,00",
29-12-2022,16:01,29-12-2022,APPLE INC,US0378331005,Ingreso Cambio de Divisa,"1,0611",USD,"644,00",USD,"12,89",c93dc2ed-6904-49c6-9d02-85e1dd76e5ab
29-12-2022,16:01,29-12-2022,APPLE INC,US0378331005,Retirada Cambio de Divisa,,EUR,"-606,89",EUR,"3,12",c93dc2ed-6904-49c6-9d02-85e1dd76e5ab
29-12-2022,16:01,29-12-2022,APPLE INC,US0378331005,Costes de transacción y/o externos de DEGIRO,,EUR,"-1,00",EUR,"610,01",c93dc2ed-6904-49c6-9d02-85e1dd76e5ab
29-12-2022,16:01,29-12-2022,APPLE INC,US0378331005,"Compra 5 Apple Inc@128,8 USD (US0378331005)",,USD,"-644,00",USD,"-631,11",c93dc2ed-6904-49c6-9d02-85e1dd76e5ab
29-12-2022,08:50,28-12-2022,VANGUARD S&P 500 UCITS ETF USD DIS,IE00B3XXRP09,Dividendo,,USD,"9,86",USD,"12,89",
29-12-2022,07:27,28-12-2022,VANGUARD FTSE ALL-WORLD UCITS ETF,IE00B3RBWM25,Dividendo,,USD,"3,03",USD,"3,03",
28-12-2022,11:11,28-12-2022,,,flatex Deposit,,EUR,"600,00",EUR,"611,01",
19-12-2022,18:34,19-12-2022,,,"Transferir a su Cuenta de Efectivo en flatexDEGIRO Bank: 3,52 EUR",,,,EUR,"11,01",
19-12-2022,18:34,19-12-2022,FLATEX EURO BANKACCOUNT,NLFLATEXACNT,Degiro Cash Sweep Transfer,,EUR,"-3,52",EUR,"7,49",
17-12-2022,08:43,16-12-2022,,,Ingreso Cambio de Divisa,,EUR,"3,52",EUR,"11,01",
17-12-2022,08:43,16-12-2022,,,Retirada Cambio de Divisa,"1,0613",USD,"-3,74",USD,"0,00",
16-12-2022,17:04,16-12-2022,,,"Transferir a su Cuenta de Efectivo en flatexDEGIRO Bank: 1,75 EUR",,,,EUR,"7,49",
16-12-2022,17:04,16-12-2022,FLATEX EURO BANKACCOUNT,NLFLATEXACNT,Degiro Cash Sweep Transfer,,EUR,"-1,75",EUR,"5,74",
16-12-2022,12:25,15-12-2022,TELEFONICA SA,ES0178430E18,Dividendo,,EUR,"5,25",EUR,"7,49",
16-12-2022,12:25,15-12-2022,TELEFONICA SA,ES0178430E18,Retención del dividendo,,EUR,"-1,00",EUR,"2,24",
16-12-2022,09:05,15-12-2022,COCA-COLA CO,US1912161007,Dividendo,,USD,"4,40",USD,"3,74",
16-12-2022,09:05,15-12-2022,COCA-COLA CO,US1912161007,Retención del dividendo,,USD,"-0,66",USD,"-0,66",
16-12-2022,08:34,30-11-2022,,,Comisión de conectividad con el mercado 2022 (New York Stock Exchange - NSY),,EUR,"-2,50",EUR,"3,24",
23-11-2022,12:04,22-11-2022,,,"Transferir desde su Cuenta de Efectivo en flatexDEGIRO Bank: 607,07 EUR",,,,EUR,"5,74",
23-11-2022,12:04,22-11-2022,FLATEX EURO BANKACCOUNT,NLFLATEXACNT,Degiro Cash Sweep Transfer,,EUR,"607,07",EUR,"612,81",
22-11-2022,18:24,22-11-2022,COCA-COLA CO,US1912161007,Ingreso Cambio de Divisa,"1,0246",USD,"621,00",USD,"0,00",bfdc9dd4-2b8f-40e3-859f-dcc7ab30ce67
22-11-2022,18:24,22-11-2022,COCA-COLA CO,US1912161007,Retirada Cambio de Divisa,,EUR,"-606,07",EUR,"5,74",bfdc9dd4-2b8f-40e3-859f-dcc7ab30ce67
22-11-2022,18:24,22-11-2022,COCA-COLA CO,US1912161007,Costes de transacción y/o externos de DEGIRO,,EUR,"-1,00",EUR,"611,81",bfdc9dd4-2b8f-40e3-859f-dcc7ab30ce67
22-11-2022,18:24,22-11-2022,COCA-COLA CO,US1912161007,"Compra 10 Coca-Cola Co@62,1 USD (US1912161007)",,USD,"-621,00",USD,"-621,00",bfdc9dd4-2b8f-40e3-859f-dcc7ab30ce67
22-11-2022,13:31,22-11-2022,,,flatex Deposit,,EUR,"600,00",EUR,"612,81",
14-11-2022,17:49,14-11-2022,,,"Transferir a su Cuenta de Efectivo en flatexDEGIRO Bank: 2,64 EUR",,,,EUR,"12,81",
14-11-2022,17:49,14-11-2022,FLATEX EURO BANKACCOUNT,NLFLATEXACNT,Degiro Cash Sweep Transfer,,EUR,"-2,64",EUR,"10,17",
12-11-2022,07:36,11-11-2022,,,Ingreso Cambio de Divisa,,EUR,"2,64",EUR,"12,81",
12-11-2022,07:36,11-11-2022,,,Retirada Cambio de Divisa,"1,0374",USD,"-2,74",USD,"0,00",
11-11-2022,07:24,10-11-2022,APPLE INC,US0378331005,Dividendo,,USD,"3,22",USD,"2,74",
11-11-2022,07:24,10-11-2022,APPLE INC,US0378331005,Retención del dividendo,,USD,"-0,48",USD,"-0,48",
01-11-2022,17:19,01-11-2022,,,"Transferir a su Cuenta de Efectivo en flatexDEGIRO Bank: 0,01 EUR",,,,EUR,"10,17",
01-11-2022,17:19,01-11-2022,FLATEX EURO BANKACCOUNT,NLFLATEXACNT,Degiro Cash Sweep Transfer,,EUR,"-0,01",EUR,"10,16",
01-11-2022,10:19,31-10-2022,,,"Transferir desde su Cuenta de Efectivo en flatexDEGIRO Bank: 0,01 EUR",,,,EUR,"10,17",
01-11-2022,10:19,31-10-2022,FLATEX EURO BANKACCOUNT,NLFLATEXACNT,Degiro Cash Sweep Transfer,,EUR,"0,01",EUR,"10,18",
31-10-2022,16:34,31-10-2022,,,"Transferir a su Cuenta de Efectivo en flatexDEGIRO Bank: 0,01 EUR",,,,EUR,"10,17",
31-10-2022,16:34,31-10-2022,FLATEX EURO BANKACCOUNT,NLFLATEXACNT,Degiro Cash Sweep Transfer,,EUR,"-0,01",EUR,"10,16",
31-10-2022,11:04,28-10-2022,,,"Transferir desde su Cuenta de Efectivo en flatexDEGIRO Bank: 0,01 EUR",,,,EUR,"10,17",
31-10-2022,11:04,28-10-2022,FLATEX EURO BANKACCOUNT,NLFLATEXACNT,Degiro Cash Sweep Transfer,,EUR,"0,01",EUR,"10,18",
28-10-2022,16:50,28-10-2022,,,"Transferir a su Cuenta de Efectivo en flatexDEGIRO Bank: 0,01 EUR",,,,EUR,"10,17",
28-10-2022,16:50,28-10-2022,FLATEX EURO BANKACCOUNT,NLFLATEXACNT,Degiro Cash Sweep Transfer,,EUR,"-0,01",EUR,"10,16",
28-10-2022,10:34,27-10-2022,,,"Transferir desde su Cuenta de Efectivo en flatexDEGIRO Bank: 0,01 EUR",,,,EUR,"10,17",
28-10-2022,10:34,27-10-2022,FLATEX EURO BANKACCOUNT,NLFLATEXACNT,Degiro Cash Sweep Transfer,,EUR,"0,01",EUR,"10,18",
27-10-2022,16:49,27-10-2022,,,"Transferir a su Cuenta de Efectivo en flatexDEGIRO Bank: 0,01 EUR",,,,EUR,"10,17",
27-10-2022,16:49,27-10-2022,FLATEX EURO BANKACCOUNT,NLFLATEXACNT,Degiro Cash Sweep Transfer,,EUR,"-0,01",EUR,"10,16",
27-10-2022,10:49,26-10-2022,,,"Transferir desde su Cuenta de Efectivo en flatexDEGIRO Bank: 0,01 EUR",,,,EUR,"10,17",
27-10-2022,10:49,26-10-2022,FLATEX EURO BANKACCOUNT,NLFLATEXACNT,Degiro Cash Sweep Transfer,,EUR,"0,01",EUR,"10,18",
26-10-2022,18:49,26-10-2022,,,"Transferir a su Cuenta de Efectivo en flatexDEGIRO Bank: 0,01 EUR",,,,EUR,"10,17",
26-10-2022,18:49,26-10-2022,FLATEX EURO BANKACCOUNT,NLFLATEXACNT,Degiro Cash Sweep Transfer,,EUR,"-0,01",EUR,"10,16",
26-10-2022,11:19,25-10-2022,,,"Transferir desde su Cuenta de Efectivo en flatexDEGIRO Bank: 0,01 EUR",,,,EUR,"10,17",
26-10-2022,11:19,25-10-2022,FLATEX EURO BANKACCOUNT,NLFLATEXACNT,Degiro Cash Sweep Transfer,,EUR,"0,01",EUR,"10,18",
25-10-2022,17:19,25-10-2022,,,"Transferir a su Cuenta de Efectivo en flatexDEGIRO Bank: 0,01 EUR",,,,EUR,"10,17",
25-10-2022,17:19,25-10-2022,FLATEX EURO BANKACCOUNT,NLFLATEXACNT,Degiro Cash Sweep Transfer,,EUR,"-0,01",EUR,"10,16",
25-10-2022,10:04,24-10-2022,,,"Transferir desde su Cuenta de Efectivo en flatexDEGIRO Bank: 0,01 EUR",,,,EUR,"10,17",
25-10-2022,10:04,24-10-2022,FLATEX EURO BANKACCOUNT,NLFLATEXACNT,Degiro Cash Sweep Transfer,,EUR,"0,01",EUR,"10,18",
24-10-2022,16:34,24-10-2022,,,"Transferir a su Cuenta de Efectivo en flatexDEGIRO Bank: 0,01 EUR",,,,EUR,"10,17",
24-10-2022,16:34,24-10-2022,FLATEX EURO BANKACCOUNT,NLFLATEXACNT,Degiro Cash Sweep Transfer,,EUR,"-0,01",EUR,"10,16",
24-10-2022,10:48,21-10-2022,,,"Transferir desde su Cuenta de Efectivo en flatexDEGIRO Bank: 0,01 EUR",,,,EUR,"10,17",
24-10-2022,10:48,21-10-2022,FLATEX EURO BANKACCOUNT,NLFLATEXACNT,Degiro Cash Sweep Transfer,,EUR,"0,01",EUR,"10,18",
21-10-2022,17:19,21-10-2022,,,"Transferir a su Cuenta de Efectivo en flatexDEGIRO Bank: 0,01 EUR",,,,EUR,"10,17",
21-10-2022,17:19,21-10-2022,FLATEX EURO BANKACCOUNT,NLFLATEXACNT,Degiro Cash Sweep Transfer,,EUR,"-0,01",EUR,"10,16",
21-10-2022,10:49,20-10-2022,,,"Transferir desde su Cuenta de Efectivo en flatexDEGIRO Bank: 0,01 EUR",,,,EUR,"10,17",
21-10-2022,10:49,20-10-2022,FLATEX EURO BANKACCOUNT,NLFLATEXACNT,Degiro Cash Sweep Transfer,,EUR,"0,01",EUR,"10,18",
20-10-2022,17:04,20-10-2022,,,"Transferir a su Cuenta de Efectivo en flatexDEGIRO Bank: 0,01 EUR",,,,EUR,"10,17",
20-10-2022,17:04,20-10-2022,FLATEX EURO BANKACCOUNT,NLFLATEXACNT,Degiro Cash Sweep Transfer,,EUR,"-0,01",EUR,"10,16",
20-10-2022,10:19,19-10-2022,,,"Transferir desde su Cuenta de Efectivo en flatexDEGIRO Bank: 0,01 EUR",,,,EUR,"10,17",
20-10-2022,10:19,19-10-2022,FLATEX EURO BANKACCOUNT,NLFLATEXACNT,Degiro Cash Sweep Transfer,,EUR,"0,01",EUR,"10,18",
19-10-2022,16:49,19-10-2022,,,"Transferir a su Cuenta de Efectivo en flatexDEGIRO Bank: 0,01 EUR",,,,EUR,"10,17",
19-10-2022,16:49,19-10-2022,FLATEX EURO BANKACCOUNT,NLFLATEXACNT,Degiro Cash Sweep Transfer,,EUR,"-0,01",EUR,"10,16",
19-10-2022,10:19,18-10-2022,,,"Transferir desde su Cuenta de Efectivo en flatexDEGIRO Bank: 0,01 EUR",,,,EUR,"10,17",
19-10-2022,10:19,18-10-2022,FLATEX EURO BANKACCOUNT,NLFLATEXACNT,Degiro Cash Sweep Transfer,,EUR,"0,01",EUR,"10,18",
18-10-2022,17:34,18-10-2022,,,"Transferir a su Cuenta de Efectivo en flatexDEGIRO Bank: 0,01 EUR",,,,EUR,"10,17",
18-10-2022,17:34,18-10-2022,FLATEX EURO BANKACCOUNT,NLFLATEXACNT,Degiro Cash Sweep Transfer,,EUR,"-0,01",EUR,"10,16",
18-10-2022,12:18,17-10-2022,,,"Transferir desde su Cuenta de Efectivo en flatexDEGIRO Bank: 0,01 EUR",,,,EUR,"10,17",
18-10-2022,12:18,17-10-2022,FLATEX EURO BANKACCOUNT,NLFLATEXACNT,Degiro Cash Sweep Transfer,,EUR,"0,01",EUR,"10,18",
17-10-2022,17:19,17-10-2022,,,"Transferir a su Cuenta de Efectivo en flatexDEGIRO Bank: 0,01 EUR",,,,EUR,"10,17",
17-10-2022,17:19,17-10-2022,FLATEX EURO BANKACCOUNT,NLFLATEXACNT,Degiro Cash Sweep Transfer,,EUR,"-0,01",EUR,"10,16",
17-10-2022,10:04,14-10-2022,,,"Transferir desde su Cuenta de Efectivo en flatexDEGIRO Bank: 0,01 EUR",,,,EUR,"10,17",
17-10-2022,10:04,14-10-2022,FLATEX EURO BANKACCOUNT,NLFLATEXACNT,Degiro Cash Sweep Transfer,,EUR,"0,01",EUR,"10,18",
14-10-2022,16:19,14-10-2022,,,"Transferir a su Cuenta de Efectivo en flatexDEGIRO Bank: 0,01 EUR",,,,EUR,"10,17",
14-10-2022,16:19,14-10-2022,FLATEX EURO BANKACCOUNT,NLFLATEXACNT,Degiro Cash Sweep Transfer,,EUR,"-0,01",EUR,"10,16",
14-10-2022,11:20,13-10-2022,,,"Transferir desde su Cuenta de Efectivo en flatexDEGIRO Bank: 0,01 EUR",,,,EUR,"10,17",
14-10-2022,11:20,13-10-2022,FLATEX EURO BANKACCOUNT,NLFLATEXACNT,Degiro Cash Sweep Transfer,,EUR,"0,01",EUR,"10,18",
13-10-2022,17:19,13-10-2022,,,"Transferir a su Cuenta de Efectivo en flatexDEGIRO Bank: 0,01 EUR",,,,EUR,"10,17",
13-10-2022,17:19,13-10-2022,FLATEX EURO BANKACCOUNT,NLFLATEXACNT,Degiro Cash Sweep Transfer,,EUR,"-0,01",EUR,"10,16",
13-10-2022,10:19,12-10-2022,,,"Transferir desde su Cuenta de Efectivo en flatexDEGIRO Bank: 0,01 EUR",,,,EUR,"10,17",
13-10-2022,10:19,12-10-2022,FLATEX EURO BANKACCOUNT,NLFLATEXACNT,Degiro Cash Sweep Transfer,,EUR,"0,01",EUR,"10,18",
12-10-2022,21:04,12-10-2022,,,"Transferir a su Cuenta de Efectivo en flatexDEGIRO Bank: 0,01 EUR",,,,EUR,"10,17",
12-10-2022,21:04,12-10-2022,FLATEX EURO BANKACCOUNT,NLFLATEXACNT,Degiro Cash Sweep Transfer,,EUR,"-0,01",EUR,"10,16",
12-10-2022,10:19,11-10-2022,,,"Transferir desde su Cuenta de Efectivo en flatexDEGIRO Bank: 0,01 EUR",,,,EUR,"10,17",
12-10-2022,10:19,11-10-2022,FLATEX EURO BANKACCOUNT,NLFLATEXACNT,Degiro Cash Sweep Transfer,,EUR,"0,01",EUR,"10,18",
11-10-2022,17:18,11-10-2022,,,"Transferir a su Cuenta de Efectivo en flatexDEGIRO Bank: 0,01 EUR",,,,EUR,"10,17",
11-10-2022,17:18,11-10-2022,FLATEX EURO BANKACCOUNT,NLFLATEXACNT,Degiro Cash Sweep Transfer,,EUR,"-0,01",EUR,"10,16",
11-10-2022,10:19,10-10-2022,,,"Transferir desde su Cuenta de Efectivo en flatexDEGIRO Bank: 0,01 EUR",,,,EUR,"10,17",
11-10-2022,10:19,10-10-2022,FLATEX EURO BANKACCOUNT,NLFLATEXACNT,Degiro Cash Sweep Transfer,,EUR,"0,01",EUR,"10,18",
10-10-2022,19:04,10-10-2022,,,"Transferir a su Cuenta de Efectivo en flatexDEGIRO Bank: 0,01 EUR",,,,EUR,"10,17",
10-10-2022,19:04,10-10-2022,FLATEX EURO BANKACCOUNT,NLFLATEXACNT,Degiro Cash Sweep Transfer,,EUR,"-0,01",EUR,"10,16",
10-10-2022,13:07,07-10-2022,,,"Transferir desde su Cuenta de Efectivo en flatexDEGIRO Bank: 0,01 EUR",,,,EUR,"10,17",
10-10-2022,13:07,07-10-2022,FLATEX EURO BANKACCOUNT,NLFLATEXACNT,Degiro Cash Sweep Transfer,,EUR,"0,01",EUR,"10,18",
07-10-2022,16:34,07-10-2022,,,"Transferir a su Cuenta de Efectivo en flatexDEGIRO Bank: 0,01 EUR",,,,EUR,"10,17",
07-10-2022,16:34,07-10-2022,FLATEX EURO BANKACCOUNT,NLFLATEXACNT,Degiro Cash Sweep Transfer,,EUR,"-0,01",EUR,"10,16",
07-10-2022,10:19,06-10-2022,,,"Transferir desde su Cuenta de Efectivo en flatexDEGIRO Bank: 0,01 EUR",,,,EUR,"10,17",
07-10-2022,10:19,06-10-2022,FLATEX EURO BANKACCOUNT,NLFLATEXACNT,Degiro Cash Sweep Transfer,,EUR,"0,01",EUR,"10,18",
06-10-2022,17:19,06-10-2022,,,"Transferir a su Cuenta de Efectivo en flatexDEGIRO Bank: 0,01 EUR",,,,EUR,"10,17",
06-10-2022,17:19,06-10-2022,FLATEX EURO BANKACCOUNT,NLFLATEXACNT,Degiro Cash Sweep Transfer,,EUR,"-0,01",EUR,"10,16",
06-10-2022,10:33,05-10-2022,,,"Transferir desde su Cuenta de Efectivo en flatexDEGIRO Bank: 0,01 EUR",,,,EUR,"10,17",
06-10-2022,10:33,05-10-2022,FLATEX EURO BANKACCOUNT,NLFLATEXACNT,Degiro Cash Sweep Transfer,,EUR,"0,01",EUR,"10,18",
05-10-2022,20:03,05-10-2022,,,"Transferir a su Cuenta de Efectivo en flatexDEGIRO Bank: 0,01 EUR",,,,EUR,"10,17",
05-10-2022,20:03,05-10-2022,FLATEX EURO BANKACCOUNT,NLFLATEXACNT,Degiro Cash Sweep Transfer,,EUR,"-0,01",EUR,"10,16",
05-10-2022,12:20,04-10-2022,,,"Transferir desde su Cuenta de Efectivo en flatexDEGIRO Bank: 123,71 EUR",,,,EUR,"10,17",
05-10-2022,12:20,04-10-2022,FLATEX EURO BANKACCOUNT,NLFLATEXACNT,Degiro Cash Sweep Transfer,,EUR,"123,71",EUR,"133,88",
04-10-2022,10:43,04-10-2022,TELEFONICA SA,ES0178430E18,Spanish Transaction Tax,,EUR,"-0,24",EUR,"10,17",79c7c27c-8489-4d91-b8ce-1ac2b78a35bb
04-10-2022,10:43,04-10-2022,TELEFONICA SA,ES0178430E18,Costes de transacción y/o externos de DEGIRO,,EUR,"-1,00",EUR,"10,41",79c7c27c-8489-4d91-b8ce-1ac2b78a35bb
04-10-2022,10:43,04-10-2022,TELEFONICA SA,ES0178430E18,"Compra 35 Telefonica SA@3,499 EUR (ES0178430E18)",,EUR,"-122,46",EUR,"11,41",79c7c27c-8489-4d91-b8ce-1ac2b78a35bb
01-10-2022,19:01,30-09-2022,,,Flatex Interest,,EUR,"-0,01",EUR,"133,87",
30-09-2022,17:50,30-09-2022,,,"Transferir a su Cuenta de Efectivo en flatexDEGIRO Bank: 14,23 EUR",,,,EUR,"133,88",
30-09-2022,17:50,30-09-2022,FLATEX EURO BANKACCOUNT,NLFLATEXACNT,Degiro Cash Sweep Transfer,,EUR,"-14,23",EUR,"119,65",
30-09-2022,07:49,29-09-2022,,,Ingreso Cambio de Divisa,,EUR,"14,23",EUR,"133,88",
30-09-2022,07:49,29-09-2022,,,Retirada Cambio de Divisa,"0,9840",USD,"-14,00",USD,"0,00",
29-09-2022,08:11,28-09-2022,VANGUARD FTSE ALL-WORLD UCITS ETF,IE00B3RBWM25,Dividendo,,USD,"3,96",USD,"14,00",
29-09-2022,08:03,28-09-2022,VANGUARD S&P 500 UCITS ETF USD DIS,IE00B3XXRP09,Dividendo,,USD,"10,04",USD,"10,04",
28-09-2022,10:05,27-09-2022,,,"Transferir desde su Cuenta de Efectivo en flatexDEGIRO Bank: 636,55 EUR",,,,EUR,"119,65",
28-09-2022,10:05,27-09-2022,FLATEX EURO BANKACCOUNT,NLFLATEXACNT,Degiro Cash Sweep Transfer,,EUR,"636,55",EUR,"756,20",
27-09-2022,17:14,27-09-2022,APPLE INC,US0378331005,Ingreso Cambio de Divisa,"0,9593",USD,"609,68",USD,"0,00",4d8f51aa-1118-42a6-a8ee-edfd3052d289
27-09-2022,17:14,27-09-2022,APPLE INC,US0378331005,Retirada Cambio de Divisa,,EUR,"-635,55",EUR,"119,65",4d8f51aa-1118-42a6-a8ee-edfd3052d289
27-09-2022,17:14,27-09-2022,APPLE INC,US0378331005,Costes de transacción y/o externos de DEGIRO,,EUR,"-1,00",EUR,"755,20",4d8f51aa-1118-42a6-a8ee-edfd3052d289
27-09-2022,17:14,27-09-2022,APPLE INC,US0378331005,"Compra 4 Apple Inc@152,42 USD (US0378331005)",,USD,"-609,68",USD,"-609,68",4d8f51aa-1118-42a6-a8ee-edfd3052d289
27-09-2022,11:11,27-09-2022,,,flatex Deposit,,EUR,"685,00",EUR,"756,20",
01-09-2022,10:17,31-08-2022,,,"Transferir desde su Cuenta de Efectivo en flatexDEGIRO Bank: 1.595,28 EUR",,,,EUR,"71,20",
01-09-2022,10:17,31-08-2022,FLATEX EURO BANKACCOUNT,NLFLATEXACNT,Degiro Cash Sweep Transfer,,EUR,"1595,28",EUR,"1666,48",
31-08-2022,15:35,31-08-2022,APPLE INC,US0378331005,Ingreso Cambio de Divisa,"0,9970",USD,"1590,00",USD,"0,00",8e13f7f4-6740-4efd-b8b1-673a3823e86c
31-08-2022,15:35,31-08-2022,APPLE INC,US0378331005,Retirada Cambio de Divisa,,EUR,"-1594,78",EUR,"71,20",8e13f7f4-6740-4efd-b8b1-673a3823e86c
31-08-2022,15:35,31-08-2022,APPLE INC,US0378331005,Costes de transacción y/o externos de DEGIRO,,EUR,"-0,50",EUR,"1665,98",8e13f7f4-6740-4efd-b8b1-673a3823e86c
31-08-2022,15:35,31-08-2022,APPLE INC,US0378331005,Compra 10 Apple Inc@159 USD (US0378331005),,USD,"-1590,00",USD,"-1590,00",8e13f7f4-6740-4efd-b8b1-673a3823e86c
12-08-2022,17:18,12-08-2022,,,"Transferir a su Cuenta de Efectivo en flatexDEGIRO Bank: 1,88 EUR",,,,EUR,"1666,48",
12-08-2022,17:18,12-08-2022,FLATEX EURO BANKACCOUNT,NLFLATEXACNT,Degiro Cash Sweep Transfer,,EUR,"-1,88",EUR,"1664,60",
12-08-2022,11:18,11-08-2022,,,"Transferir a su Cuenta de Efectivo en flatexDEGIRO Bank: 1.642,73 EUR",,,,EUR,"1666,48",
12-08-2022,11:18,11-08-2022,FLATEX EURO BANKACCOUNT,NLFLATEXACNT,Degiro Cash Sweep Transfer,,EUR,"-1642,73",EUR,"23,75",
12-08-2022,07:36,11-08-2022,,,Ingreso Cambio de Divisa,,EUR,"1,88",EUR,"1666,48",
12-08-2022,07:36,11-08-2022,,,Retirada Cambio de Divisa,"1,0346",USD,"-1,95",USD,"0,00",
11-08-2022,16:35,11-08-2022,APPLE INC,US0378331005,Retirada Cambio de Divisa,"1,0376",USD,"-1705,00",USD,"1,95",5e4e7f3a-7600-4348-86df-5c9af0f511e8
11-08-2022,16:35,11-08-2022,APPLE INC,US0378331005,Ingreso Cambio de Divisa,,EUR,"1643,23",EUR,"1664,60",5e4e7f3a-7600-4348-86df-5c9af0f511e8
11-08-2022,16:35,11-08-2022,APPLE INC,US0378331005,Costes de transacción y/o externos de DEGIRO,,EUR,"-0,50",EUR,"21,37",5e4e7f3a-7600-4348-86df-5c9af0f511e8
11-08-2022,16:35,11-08-2022,APPLE INC,US0378331005,"Venta 10 Apple Inc@170,5 USD (US0378331005)",,USD,"1705,00",USD,"1706,95",5e4e7f3a-7600-4348-86df-5c9af0f511e8
11-08-2022,10:47,11-08-2022,APPLE INC,US0378331005,Dividendo,,USD,"2,30",USD,"1,95",
11-08-2022,10:47,11-08-2022,APPLE INC,US0378331005,Retención del dividendo,,USD,"-0,35",USD,"-0,35",
02-07-2022,06:41,30-06-2022,,,Flatex Interest,,EUR,"-0,05",EUR,"21,87",
02-07-2022,01:19,01-07-2022,,,"Transferir a su Cuenta de Efectivo en flatexDEGIRO Bank: 15,63 EUR",,,,EUR,"21,92",
02-07-2022,01:19,01-07-2022,FLATEX EURO BANKACCOUNT,NLFLATEXACNT,Degiro Cash Sweep Transfer,,EUR,"-15,63",EUR,"6,29",
01-07-2022,08:52,30-06-2022,,,Ingreso Cambio de Divisa,,EUR,"15,63",EUR,"21,92",
01-07-2022,08:52,30-06-2022,,,Retirada Cambio de Divisa,"1,0509",USD,"-16,43",USD,"0,00",
30-06-2022,10:12,29-06-2022,VANGUARD S&P 500 UCITS ETF USD DIS,IE00B3XXRP09,Dividendo,,USD,"9,72",USD,"16,43",
30-06-2022,10:00,29-06-2022,VANGUARD FTSE ALL-WORLD UCITS ETF,IE00B3RBWM25,Dividendo,,USD,"6,71",USD,"6,71",
24-05-2022,16:47,24-05-2022,,,"Transferir desde su Cuenta de Efectivo en flatexDEGIRO Bank: 772,16 EUR",,,,EUR,"6,29",
24-05-2022,16:47,24-05-2022,FLATEX EURO BANKACCOUNT,NLFLATEXACNT,Degiro Cash Sweep Transfer,,EUR,"772,16",EUR,"778,45",
24-05-2022,11:51,24-05-2022,VANGUARD FTSE ALL-WORLD UCITS ETF,IE00B3RBWM25,"Compra 8 Vanguard FTSE All-World UCITS ETF USD Dis@96,52 EUR (IE00B3RBWM25)",,EUR,"-772,16",EUR,"6,29",f86313a9-4062-480f-9ec2-604c37436524
24-05-2022,10:50,24-05-2022,,,flatex Deposit,,EUR,"750,00",EUR,"778,45",
18-05-2022,11:32,17-05-2022,,,"Transferir desde su Cuenta de Efectivo en flatexDEGIRO Bank: 844,62 EUR",,,,EUR,"28,45",
18-05-2022,11:32,17-05-2022,FLATEX EURO BANKACCOUNT,NLFLATEXACNT,Degiro Cash Sweep Transfer,,EUR,"844,62",EUR,"873,07",
17-05-2022,15:55,17-05-2022,APPLE INC,US0378331005,Ingreso Cambio de Divisa,"1,0506",USD,"886,80",USD,"0,00",ce6b56eb-908e-4805-9de7-93ee386763ce
17-05-2022,15:55,17-05-2022,APPLE INC,US0378331005,Retirada Cambio de Divisa,,EUR,"-844,12",EUR,"28,45",ce6b56eb-908e-4805-9de7-93ee386763ce
17-05-2022,15:55,17-05-2022,APPLE INC,US0378331005,Costes de transacción y/o externos de DEGIRO,,EUR,"-0,50",EUR,"872,57",ce6b56eb-908e-4805-9de7-93ee386763ce
17-05-2022,15:55,17-05-2022,APPLE INC,US0378331005,"Compra 6 Apple Inc@147,8 USD (US0378331005)",,USD,"-886,80",USD,"-886,80",ce6b56eb-908e-4805-9de7-93ee386763ce
16-05-2022,09:00,16-05-2022,,,flatex Deposit,,EUR,"800,00",EUR,"873,07",
13-05-2022,18:17,13-05-2022,,,"Transferir a su Cuenta de Efectivo en flatexDEGIRO Bank: 0,75 EUR",,,,EUR,"73,07",
13-05-2022,18:17,13-05-2022,FLATEX EURO BANKACCOUNT,NLFLATEXACNT,Degiro Cash Sweep Transfer,,EUR,"-0,75",EUR,"72,32",
13-05-2022,07:37,12-05-2022,,,Ingreso Cambio de Divisa,,EUR,"0,75",EUR,"73,07",
13-05-2022,07:37,12-05-2022,,,Retirada Cambio de Divisa,"1,0406",USD,"-0,78",USD,"0,00",
12-05-2022,10:34,12-05-2022,APPLE INC,US0378331005,Dividendo,,USD,"0,92",USD,"0,78",
12-05-2022,10:34,12-05-2022,APPLE INC,US0378331005,Retención del dividendo,,USD,"-0,14",USD,"-0,14",
04-04-2022,19:04,04-04-2022,,,"Transferir a su Cuenta de Efectivo en flatexDEGIRO Bank: 8,83 EUR",,,,EUR,"72,32",
04-04-2022,19:04,04-04-2022,FLATEX EURO BANKACCOUNT,NLFLATEXACNT,Degiro Cash Sweep Transfer,,EUR,"-8,83",EUR,"63,49",
04-04-2022,11:03,01-04-2022,,,"Transferir desde su Cuenta de Efectivo en flatexDEGIRO Bank: 2,5 EUR",,,,EUR,"72,32",
04-04-2022,11:03,01-04-2022,FLATEX EURO BANKACCOUNT,NLFLATEXACNT,Degiro Cash Sweep Transfer,,EUR,"2,50",EUR,"74,82",
02-04-2022,16:00,31-03-2022,,,Flatex Interest,,EUR,"-0,12",EUR,"72,32",
02-04-2022,07:49,01-04-2022,,,Ingreso Cambio de Divisa,,EUR,"8,83",EUR,"72,44",
02-04-2022,07:49,01-04-2022,,,Retirada Cambio de Divisa,"1,1076",USD,"-9,79",USD,"0,00",
01-04-2022,23:24,31-03-2022,,,Comisión de conectividad con el mercado 2022 (Nasdaq - NDQ),,EUR,"-2,50",EUR,"63,61",
01-04-2022,09:37,30-03-2022,VANGUARD S&P 500 UCITS ETF USD DIS,IE00B3XXRP09,Dividendo,,USD,"9,79",USD,"9,79",
09-03-2022,12:02,08-03-2022,,,"Transferir desde su Cuenta de Efectivo en flatexDEGIRO Bank: 584,13 EUR",,,,EUR,"66,11",
09-03-2022,12:02,08-03-2022,FLATEX EURO BANKACCOUNT,NLFLATEXACNT,Degiro Cash Sweep Transfer,,EUR,"584,13",EUR,"650,24",
08-03-2022,15:30,08-03-2022,APPLE INC,US0378331005,Ingreso Cambio de Divisa,"1,0886",USD,"635,32",USD,"0,00",2d150f28-0a67-4804-b499-79ae7555b4b2
08-03-2022,15:30,08-03-2022,APPLE INC,US0378331005,Retirada Cambio de Divisa,,EUR,"-583,63",EUR,"66,11",2d150f28-0a67-4804-b499-79ae7555b4b2
08-03-2022,15:30,08-03-2022,APPLE INC,US0378331005,Costes de transacción y/o externos de DEGIRO,,EUR,"-0,50",EUR,"649,74",2d150f28-0a67-4804-b499-79ae7555b4b2
08-03-2022,15:30,08-03-2022,APPLE INC,US0378331005,"Compra 4 Apple Inc@158,83 USD (US0378331005)",,USD,"-635,32",USD,"-635,32",2d150f28-0a67-4804-b499-79ae7555b4b2
04-03-2022,10:47,03-03-2022,,,"Transferir desde su Cuenta de Efectivo en flatexDEGIRO Bank: 0,01 EUR",,,,EUR,"650,24",
04-03-2022,10:47,03-03-2022,FLATEX EURO BANKACCOUNT,NLFLATEXACNT,Degiro Cash Sweep Transfer,,EUR,"0,01",EUR,"650,25",
03-03-2022,17:39,28-02-2022,,,Interés,,EUR,"-0,01",EUR,"650,24",
28-02-2022,09:00,28-02-2022,,,flatex Deposit,,EUR,"650,00",EUR,"650,25",
15-02-2022,16:32,15-02-2022,,,"Transferir desde su Cuenta de Efectivo en flatexDEGIRO Bank: 4,75 EUR",,,,EUR,"0,25",
15-02-2022,16:32,15-02-2022,FLATEX EURO BANKACCOUNT,NLFLATEXACNT,Degiro Cash Sweep Transfer,,EUR,"4,75",EUR,"5,00",
15-02-2022,09:01,15-02-2022,,,flatex Deposit,,EUR,"5,00",EUR,"0,25",
04-02-2022,10:18,03-02-2022,,,"Transferir desde su Cuenta de Efectivo en flatexDEGIRO Bank: 0,25 EUR",,,,EUR,"-4,75",
04-02-2022,10:18,03-02-2022,FLATEX EURO BANKACCOUNT,NLFLATEXACNT,Degiro Cash Sweep Transfer,,EUR,"0,25",EUR,"-4,50",
03-02-2022,09:59,31-01-2022,,,Comisión de conectividad con el mercado 2022 (Euronext Amsterdam - EAM),,EUR,"-2,50",EUR,"-4,75",
03-02-2022,09:59,31-01-2022,,,Comisión de conectividad con el mercado 2022 (Xetra - XET),,EUR,"-2,50",EUR,"-2,25",
26-01-2022,16:47,26-01-2022,,,"Transferir desde su Cuenta de Efectivo en flatexDEGIRO Bank: 515,6 EUR",,,,EUR,"0,25",
26-01-2022,16:47,26-01-2022,FLATEX EURO BANKACCOUNT,NLFLATEXACNT,Degiro Cash Sweep Transfer,,EUR,"515,60",EUR,"515,85",
26-01-2022,13:15,26-01-2022,ISHARES S&P 500 INFO TECHNOLG SCTR,IE00B3WJKG14,Costes de transacción y/o externos de DEGIRO,,EUR,"-0,50",EUR,"0,25",cc440099-73d0-4d51-8a78-a8a281c09c90
26-01-2022,13:15,26-01-2022,ISHARES S&P 500 INFO TECHNOLG SCTR,IE00B3WJKG14,"Compra 30 iShares S&P 500 Info Technolg Sctr UCITS ETF USD A@17,17 EUR (IE00B3WJKG14)",,EUR,"-515,10",EUR,"0,75",cc440099-73d0-4d51-8a78-a8a281c09c90
26-01-2022,09:00,26-01-2022,,,flatex Deposit,,EUR,"510,00",EUR,"515,85",
10-01-2022,17:02,10-01-2022,,,"Transferir desde su Cuenta de Efectivo en flatexDEGIRO Bank: 606,67 EUR",,,,EUR,"5,85",
10-01-2022,17:02,10-01-2022,FLATEX EURO BANKACCOUNT,NLFLATEXACNT,Degiro Cash Sweep Transfer,,EUR,"606,67",EUR,"612,52",
10-01-2022,11:06,10-01-2022,ISHARES S&P 500 INFO TECHNOLG SCTR,IE00B3WJKG14,"Compra 33 iShares S&P 500 Info Technolg Sctr UCITS ETF USD A@18,384 EUR (IE00B3WJKG14)",,EUR,"-606,67",EUR,"5,85",9b8b2bda-151a-4be2-8601-2516c6331084
10-01-2022,09:00,10-01-2022,,,flatex Deposit,,EUR,"600,00",EUR,"612,52",
04-01-2022,02:53,03-01-2022,,,"Transferir a su Cuenta de Efectivo en flatexDEGIRO Bank: 7,97 EUR",,,,EUR,"12,52",
04-01-2022,02:53,03-01-2022,FLATEX EURO BANKACCOUNT,NLFLATEXACNT,Degiro Cash Sweep Transfer,,EUR,"-7,97",EUR,"4,55",
31-12-2021,10:30,31-12-2021,,,Flatex Interest,,EUR,"-0,04",EUR,"12,52",
31-12-2021,07:45,30-12-2021,,,Ingreso Cambio de Divisa,,EUR,"7,97",EUR,"12,56",
31-12-2021,07:45,30-12-2021,,,Retirada Cambio de Divisa,"1,1355",USD,"-9,05",USD,"0,00",
30-12-2021,09:04,29-12-2021,VANGUARD S&P 500 UCITS ETF USD DIS,IE00B3XXRP09,Dividendo,,USD,"9,05",USD,"9,05",
02-12-2021,18:32,02-12-2021,,,"Transferir desde su Cuenta de Efectivo en flatexDEGIRO Bank: 2,5 EUR",,,,EUR,"4,59",
02-12-2021,18:32,02-12-2021,FLATEX EURO BANKACCOUNT,NLFLATEXACNT,Degiro Cash Sweep Transfer,,EUR,"2,50",EUR,"7,09",
02-12-2021,07:28,30-11-2021,,,Comisión de conectividad con el mercado 2021 (Xetra - XET),,EUR,"-2,50",EUR,"4,59",
22-11-2021,12:46,19-11-2021,,,"Transferir desde su Cuenta de Efectivo en flatexDEGIRO Bank: 702,11 EUR",,,,EUR,"7,09",
22-11-2021,12:46,19-11-2021,FLATEX EURO BANKACCOUNT,NLFLATEXACNT,Degiro Cash Sweep Transfer,,EUR,"702,11",EUR,"709,20",
19-11-2021,11:15,19-11-2021,ISHARES S&P 500 INFO TECHNOLG SCTR,IE00B3WJKG14,"Compra 37 iShares S&P 500 Info Technolg Sctr UCITS ETF USD A@18,976 EUR (IE00B3WJKG14)",,EUR,"-702,11",EUR,"7,09",2464b74e-469d-44b8-8ec2-c87713e082c3
16-11-2021,09:00,16-11-2021,,,flatex Deposit,,EUR,"700,00",EUR,"709,20",
04-10-2021,12:22,01-10-2021,,,"Transferir a su Cuenta de Efectivo en flatexDEGIRO Bank: 8,37 EUR",,,,EUR,"9,20",
04-10-2021,12:22,01-10-2021,FLATEX EURO BANKACCOUNT,NLFLATEXACNT,Degiro Cash Sweep Transfer,,EUR,"-8,37",EUR,"0,83",
02-10-2021,21:00,30-09-2021,,,Flatex Interest Income,,EUR,"0,00",EUR,"9,20",
01-10-2021,07:36,30-09-2021,,,Retirada Cambio de Divisa,,EUR,"8,37",EUR,"9,20",
01-10-2021,07:36,30-09-2021,,,Retirada Cambio de Divisa,"1,1588",USD,"-9,71",USD,"0,00",
30-09-2021,14:50,29-09-2021,VANGUARD S&P 500 UCITS ETF USD DIS,IE00B3XXRP09,Dividendo,,USD,"9,71",USD,"9,71",
08-09-2021,11:03,07-09-2021,,,"Transferir desde su Cuenta de Efectivo en flatexDEGIRO Bank: 725,5 EUR",,,,EUR,"0,83",
08-09-2021,11:03,07-09-2021,FLATEX EURO BANKACCOUNT,NLFLATEXACNT,Degiro Cash Sweep Transfer,,EUR,"725,50",EUR,"726,33",
07-09-2021,12:52,07-09-2021,VANGUARD S&P 500 UCITS ETF USD DIS,IE00B3XXRP09,"Compra 10 Vanguard S&P 500 UCITS ETF USD Dis@72,55 EUR (IE00B3XXRP09)",,EUR,"-725,50",EUR,"0,83",a4b424ba-6dd3-4b5c-a512-4456e0dfb4fe
07-09-2021,08:50,07-09-2021,,,flatex Deposit,,EUR,"726,00",EUR,"726,33",
03-09-2021,12:35,02-09-2021,,,"Transferir desde su Cuenta de Efectivo en flatexDEGIRO Bank: 0,01 EUR",,,,EUR,"0,33",
03-09-2021,12:35,02-09-2021,FLATEX EURO BANKACCOUNT,NLFLATEXACNT,Degiro Cash Sweep Transfer,,EUR,"0,01",EUR,"0,34",
02-09-2021,21:29,31-08-2021,,,Comisión de conectividad con el mercado 2021 (Euronext Amsterdam - EAM),,EUR,"-0,01",EUR,"0,33",
18-08-2021,10:46,17-08-2021,,,"Transferir desde su Cuenta de Efectivo en flatexDEGIRO Bank: 1.006,32 EUR",,,,EUR,"0,34",
18-08-2021,10:46,17-08-2021,FLATEX EURO BANKACCOUNT,NLFLATEXACNT,Degiro Cash Sweep Transfer,,EUR,"1006,32",EUR,"1006,66",
17-08-2021,09:21,17-08-2021,VANGUARD S&P 500 UCITS ETF USD DIS,IE00B3XXRP09,"Compra 14 Vanguard S&P 500 UCITS ETF USD Dis@71,88 EUR (IE00B3XXRP09)",,EUR,"-1006,32",EUR,"0,34",f308ea65-227d-4343-9de3-000e9f08de25
17-08-2021,08:50,17-08-2021,,,flatex Deposit,,EUR,"1003,00",EUR,"1006,66",
04-08-2021,11:16,03-08-2021,,,"Transferir desde su Cuenta de Efectivo en flatexDEGIRO Bank: 2,49 EUR",,,,EUR,"3,66",
04-08-2021,11:16,03-08-2021,FLATEX EURO BANKACCOUNT,NLFLATEXACNT,Degiro Cash Sweep Transfer,,EUR,"2,49",EUR,"6,15",
03-08-2021,16:13,31-07-2021,,,Comisión de conectividad con el mercado 2021 (Euronext Amsterdam - EAM),,EUR,"-2,49",EUR,"3,66",
28-07-2021,11:16,27-07-2021,,,"Transferir desde su Cuenta de Efectivo en flatexDEGIRO Bank: 993,85 EUR",,,,EUR,"6,15",
28-07-2021,11:16,27-07-2021,FLATEX EURO BANKACCOUNT,NLFLATEXACNT,Degiro Cash Sweep Transfer,,EUR,"993,85",EUR,"1000,00",
27-07-2021,11:58,27-07-2021,VANGUARD S&P 500 UCITS ETF USD DIS,IE00B3XXRP09,"Compra 14 Vanguard S&P 500 UCITS ETF USD Dis@70,989 EUR (IE00B3XXRP09)",,EUR,"-993,85",EUR,"6,15",6b92e966-9955-4649-9fd3-65a4568424b1
27-07-2021,08:50,27-07-2021,,,flatex Deposit,,EUR,"1000,00",EUR,"1000,00",
